4156 6148
423 463 448 506 u
784 511 788 519 Ι
1006 443 1217 500 t’ttAEFATtn.

423 589 518 668 parte
538 573 684 640 faustam
697 573 788 640 nacti
810 571 986 639 fortunam
1002 597 1141 656 sumus,
1157 587 1253 640 tanto
1274 570 1424 662 majores
1438 594 1613 638 aerumnas
1628 574 1740 638 versio
1752 571 1798 638 la·

423 696 493 761 tina
513 694 653 760 creavit.
673 692 812 760 Etenim
827 717 934 786 quam
959 693 1120 760 Reisltius
1136 692 1328 761 elaboravit
1347 691 1676 785 interpretationem
1705 681 1799 760 anii-
1856 745 1860 756 .

423 814 587 908 phontis,
603 813 813 898 AndocidiS,
838 813 947 905 Lysiae
962 829 994 880 et
1008 813 1099 898 lsaei,
1114 815 1177 881 etsi
1199 811 1388 907 perutilem
1406 837 1480 881 esse
1496 837 1700 898 censemus,
1721 814 1795 906 ipsa

421 950 537 1004 tamen
565 935 639 1004 txaec
661 935 793 1003 utilitas
815 935 851 1003 in
868 959 910 1002 eo
928 936 1078 1004 maxime
1093 937 1208 1030 posita
1228 949 1297 1020 est,
1313 933 1410 1028 quod
1427 959 1499 1002 non
1520 935 1721 1002 versionem
1737 958 1799 1002 au-
1889 995 1894 1010 ,

421 1070 496 1125 ctor
518 1055 635 1142 dedit,
655 1055 716 1124 sed
732 1054 961 1150 paraphrasin
979 1058 1098 1150 potius
1114 1072 1147 1124 et
1166 1072 1306 1125 tantum
1327 1081 1399 1125 non
1413 1057 1709 1125 commentarium
1721 1080 1799 1150 per·

420 1193 578 1273 petuum.
595 1177 768 1245 Nimirum
788 1199 1009 1271 quaecunque
1028 1177 1149 1272 paullo
1164 1179 1351 1246 obscurius
1365 1177 1460 1247 dicta
1475 1178 1652 1262 videntur,
1669 1203 1707 1246 ea
1718 1177 1796 1246 lon·

420 1302 471 1395 gis
495 1297 851 1368 circumlocutionum
878 1297 1085 1391 ambagibus
1118 1301 1284 1384 illustrat,
1316 1299 1518 1368 adstrictius
1543 1299 1710 1368 conclusa
1739 1298 1793 1367 vel

420 1423 606 1515 abruptius
621 1419 743 1511 juncta
759 1420 978 1513 interpositis
999 1423 1184 1489 sententiis
1198 1421 1233 1488 in
1256 1405 1563 1488 ratiocinationem
1580 1419 1632 1488 vel
1648 1421 1800 1489 inatten-

421 1543 501 1611 tiori
528 1541 638 1610 cuivis
654 1555 831 1635 patentem
858 1540 1005 1610 diducit.
1029 1547 1102 1610 Hoc
1121 1543 1239 1636 itaque
1265 1557 1368 1636 pacto
1387 1567 1499 1636 quum
1519 1567 1667 1610 nervosa
1689 1542 1797 1610 seculi

420 1662 651 1757 Antiphontei
672 1661 823 1730 brevitas
844 1663 879 1729 in
899 1660 1136 1731 luxuriantem
1157 1663 1258 1732 abeat
1274 1662 1490 1748 ubertatem,
1508 1687 1572 1732 uec
1589 1679 1659 1730 tam
1674 1687 1797 1732 carnes

421 1785 597 1852 addantur
610 1781 762 1867 lacertis,
783 1808 890 1878 quam
909 1783 1035 1852 orandi
1051 1785 1103 1852 vis
1122 1809 1364 1878 saepenumero
1383 1785 1560 1878 frangatur
1576 1785 1799 1853 volubilitate

420 1903 638 1975 circulatoria
658 1931 664 1970 :
682 1919 809 1998 sponte
822 1904 907 1974 binc
925 1905 1097 1998 intelligas
1119 1906 1239 1976 solidae
1254 1907 1348 1975 illius
1364 1923 1398 1976 et
1415 1907 1569 1976 robustae
1587 1907 1798 2001 eloquentiae

420 2053 493 2096 nnn
518 2024 626 2093 modo
645 2049 717 2092 nou
735 2025 925 2117 imaginem
951 2023 1119 2120 praberi,
1143 2025 1204 2093 sed
1233 2027 1289 2093 vix
1306 2025 1469 2094 umbram
1497 2026 1603 2094 ullam
1633 2025 1797 2119 relinqui.

420 2145 592 2216 Censebat
607 2171 690 2214 vero
705 2147 882 2214 Firminus
894 2146 1003 2214 Didot
1021 2147 1162 2218 laudem
1176 2150 1348 2218 versionis
1364 2173 1444 2216 cum
1461 2149 1706 2217 commentarii
1723 2173 1796 2216 me·

419 2270 488 2336 rito
510 2266 606 2335 baud
623 2265 714 2334 ultra
736 2265 985 2334 ctunulandam
1003 2292 1078 2336 esse
1094 2257 1199 2362 quam
1217 2267 1291 2338 fieri
1307 2285 1444 2364 posset,
1457 2285 1497 2337 ut
1514 2268 1610 2338 salvo
1625 2270 1796 2337 orationis

419 2389 537 2458 colore
553 2412 677 2456 sensus
691 2390 922 2482 aperirentur.
936 2391 1015 2481 Quo
1029 2390 1234 2474 accedebat,
1252 2391 1350 2485 quod
1369 2391 1626 2484 typographica
1653 2415 1796 2485 quoque

421 2511 572 2578 rationes
593 2507 852 2603 impediebant,
872 2510 1066 2602 quominus
1091 2511 1198 2580 latina
1227 2511 1355 2580 tteistii
1387 2536 1579 2605 gracorum
1608 2536 1626 2578 e
1649 2512 1792 2604 regione

421 2644 695 2726 apponerentur.
709 2631 873 2723 ltaquein
891 2631 988 2722 Lysia
1005 2656 1079 2698 eam
1092 2631 1255 2700 dedimus
1274 2635 1488 2718 versionem,
1500 2657 1576 2728 quae
1597 2633 1642 2702 ab
1658 2639 1795 2726 Augero

418 2751 561 2825 condita
576 2775 719 2843 graecam
735 2752 930 2820 orationem
948 2751 991 2820 ad
1012 2752 1156 2822 vclbutu
1178 2776 1276 2847 paene
1291 2751 1436 2820 reddere
1452 2750 1557 2837 solet,
1574 2749 1662 2820 adeo
1688 2768 1727 2821 ut
1744 2753 1794 2820 vel

421 2873 530 2945 nimia
550 2873 642 2944 circa
660 2870 731 2942 hoc
750 2873 984 2968 trepidatione
1002 2873 1181 2942 interdum
1208 2873 1343 2942 humile
1364 2873 1533 2968 quiddam
1554 2876 1706 2942 traxerit.
1732 2876 1795 2942 Ca·

418 2997 621 3090 stigavimus
640 3021 715 3064 eam
732 2995 818 3064 locis
829 3021 934 3091 quam
951 2995 1111 3087 plurimis
1126 2997 1257 3090 quibus
1275 3003 1429 3090 Augerus
1445 3012 1598 3066 mentem
1614 3000 1796 3095 scriptoris

419 3118 538 3185 minus
556 3132 629 3185 erat
645 3132 825 3184 assecutus
843 3117 896 3184 vel
908 3117 1129 3208 conjecturas
1146 3141 1225 3185 suas
1242 3117 1745 3211 inopportuneintroduxerat.
1756 3124 1794 3188 ln

420 3237 636 3332 Antiphonte
648 3250 765 3304 autem
786 3251 820 3303 et
837 3237 1021 3306 Andocidc
1040 3252 1075 3305 et
1086 3242 1173 3306 lsaeo
1191 3263 1302 3332 quum
1319 3237 1579 3332 praeterReiskii
1595 3241 1795 3310 versionem

418 3359 483 3426 alia
498 3359 579 3426 satis
602 3355 731 3425 idonea
752 3381 823 3424 non
842 3357 1038 3443 offerretur,
1054 3359 1101 3426 ita
1118 3382 1184 3426 nos
1201 3358 1359 3444 fecimus,
1372 3374 1411 3425 ut
1428 3359 1612 3427 Reisltiana
1627 3362 1795 3430 retinere·

420 3503 498 3546 rntts
513 3477 718 3572 ubicunque
748 3478 889 3545 resectis
909 3478 1175 3571 supervacaneis
1200 3491 1233 3544 et
1253 3500 1448 3571 paucorum
1467 3476 1657 3545 verborum
1680 3493 1794 3546 muta-

421 3591 519 3669 tione
539 3599 581 3666 ad
608 3623 717 3692 graeca
738 3597 997 3666 accommodari
1016 3614 1178 3693 possent,
1201 3597 1245 3665 de
1270 3623 1363 3666 novo
1379 3614 1498 3666 autem
1519 3613 1733 3668 verteremus
1755 3623 1794 3668 ea

419 3723 559 3805 onmia,
579 3745 656 3814 quae
672 3719 817 3788 liberius
836 3719 997 3788 Reiskius
1023 3745 1087 3788 suo
1110 3719 1297 3811 indulgens
1317 3720 1459 3812 ingenio
1473 3719 1726 3788 ellormaverat.
1754 3721 1792 3787 ld

421 3867 501 3908 vcro
523 3841 558 3908 iu
580 3840 798 3936 Antipboute
814 3855 845 3907 et
863 3839 1046 3909 Andocide
1061 3855 1131 3909 tam
1148 3863 1239 3934 saepe
1254 3839 1382 3908 accidit
1407 3837 1445 3908 ut
1464 3841 1594 3908 intacta
1618 3864 1791 3934 perpauca

419 3959 661 4028 remanserint.
695 3964 805 4052 Atque
828 3958 999 4028 lractcnus
1017 3958 1061 4028 de
1085 3962 1202 4056 priore
1220 3962 1287 4031 hoc
1315 3962 1512 4048 volumine;
1529 3961 1574 4030 de
1588 3961 1711 4047 altero,
1735 3965 1792 4031 cui

421 4077 524 4172 majffl
545 4103 625 4173 pars
640 4078 770 4148 laboris
785 4096 989 4168 reservatur,
1009 4106 1073 4149 suo
1090 4082 1248 4152 dicemus
1262 4084 1351 4153 loco.
1366 4083 1461 4170 Vale,
1476 4083 1597 4170 lector,
1611 4083 1765 4178 favoque.

469 4298 632 4380 l‘xmsus,
658 4317 779 4362 iriense
804 4297 945 4388 Augusti
971 4301 1251 4366 tttttlottxtvu.

1356 4425 1439 4508 Can.
1466 4424 1623 4488 Miixxnu.
