4110 6148
298 657 355 707 ³08

296 778 411 859 ἐγένετο,
425 767 494 834 οὗτοι
509 771 535 831 δέ
557 771 812 852 ριλοχρηματοῦντες
826 763 871 822 καί
885 759 983 832 ἐκείνην
998 759 1066 816 α’πο-

296 871 443 947 στεροῦντες
451 869 533 921 ταῦτα
546 857 633 917 πάντα
647 853 857 934 ἐμηχανήσαντο.

256 979 283 1019 so
332 975 367 1016 lc.
379 949 459 1017 Ὶσως
468 941 512 1010 οῦν
521 947 551 1006 ἄν
561 969 610 1018 τις,
623 933 754 1022 ὦᾶνδρες,
767 940 810 998 τὸν
820 936 911 1018 χρόνον
923 937 995 1011 ὑμῶν
1006 938 1071 992 θαυ-

298 1042 406 1120 μάσειε,
421 1043 474 1104 πῶς
490 1058 553 1095 ποτε
569 1031 649 1092 πολίιν
664 1030 743 1094 οὕτως
755 1027 879 1102 εἰάσαμεν
892 1024 937 1082 καί
958 1026 1072 1080 ἀποστε-

300 1129 417 1212 ρούμενοι
429 1117 549 1205 οὐκῇμεν
557 1122 596 1178 ἐπ’
613 1117 688 1192 αὖτέ,
701 1115 769 1174 tihi
780 1113 835 1172 νυνί
848 1112 909 1193 περὶ
922 1113 1006 1169 αὐτῶν
1017 1129 1074 1172 τους

297 1215 390 1294 λύγους
403 1213 555 1290 ποιούμεθα.
567 1205 639 1286 Ἐγὼ
645 1204 672 1263 δέ
678 1195 840 1280 οἰμαιμένοίι
849 1199 947 1258 δίκαιον
957 1187 1023 1256 εἶναι
1032 1190 1074 1252 διδ

299 1310 376 1362 τοῦτο
388 1300 497 1360 ἔλαττον
507 1295 587 1376 ἔχειν,
606 1292 677 1358 εἴτις
690 1289 728 1369 μή
742 1287 850 1360 ἐδυνήθη
862 1285 880 1358 ἢ
893 1283 1075 1361 κατημέλησεν

303 1392 346 1470 (οὐ
354 1389 405 1469 γδρ
413 1387 489 1447 τοῦτό
495 1388 550 1444 ἐστι
559 1379 694 1453 σκεπτέον,
702 1374 770 1437 ἀλλὰ
780 1375 810 1434 τθ
821 1384 932 1454 πρᾶγμα
943 1375 965 1430 εἰ
979 1371 1076 1429 δίκαιον

252 1459 257 1534 ί
301 1479 318 1550 ἣ
342 1477 411 1555 μή)·
426 1474 496 1551 ὅμως
521 1471 607 1550 μέντοι
630 1467 676 1527 καί
693 1465 754 1546 περὶ
776 1462 874 1523 τούτων
895 1461 977 1520 αἴτιον
997 1457 1077 1516 εἰπεῖν

303 1563 408 1643 έχομεν,
422 1551 553 1639 ὦσίνδρες.
569 1559 612 1634 (ιο)
626 1553 661 1615 ‘0
670 1551 721 1634 γδιρ
734 1549 826 1630 πατὴρ
837 1548 916 1627 ούμδς
932 1549 975 1605 ἰπί
991 1542 1079 1624 προικί

264 1675 291 1714 st
303 1649 496 1732 ἐγγυησάμενος
509 1643 629 1722 τήνέμὴν
643 1639 745 1720 μητέρα
759 1636 878 1716 συνῴκει,
887 1635 930 1694 τὸν
943 1632 971 1691 δὲ
985 1633 1079 1710 κλῆρον

303 1739 401 1800 τούτων
411 1732 598 1817 καρπουμένων
612 1732 658 1789 cix
672 1719 743 1808 εἶχεν
759 1725 829 1790 δπως
841 1721 1023 1803 εἰσπράξαιτο·
1038 1716 1081 1775 ὅτε

304 1827 355 1909 γδρ
368 1851 402 1886 πε
419 1825 430 1884 ἰ
442 1826 522 1884 αὐτοῦ
533 1820 626 1899 λόγους
638 1817 782 1889 ἐποιήσατο
794 1817 840 1884 τῆς
852 1811 950 1892 μητρὸς
961 1805 1083 1868 κελευού-

306 1939 367 1988 σης,
378 1850 447 1972 οίρτοι
455 1913 540 1971 ταῦτα
552 1909 623 1988 αὐτῷ
635 1905 792 1976 ἠπείλησαν,
807 1897 880 1957 adrui
892 1892 1083 1971 ἐπιδικασάμε-

307 2023 345 2062 νοι
359 1999 440 2072 αὐτὴν
452 1997 526 2070 έξιιν,
538 1997 560 2054 εἰ
573 1991 610 2071 μή
627 1990 746 2071 βούλοιτο
759 1985 834 2052 αὐτὸς
848 1983 892 2043 ἐπί
903 1980 993 2063 προικί
1003 1980 1082 2060 ἔχειν.

307 2091 342 2152 Ὁ
364 2089 391 2150 δί
409 2087 510 2167 πατήρ,
535 2083 602 2144 ὥστε
616 2085 663 2152 τῆς
684 2077 782 2158 μητρδς
802 2073 839 2153 μή
858 2075 1023 2153 στερηθῆναι,
1040 2066 1085 2126 καί

309 2179 346 2246 δίς
366 2181 482 2236 τοσαῦτα
499 2171 626 2252 χρήματα
649 2167 736 2226 εἴασεν
751 2163 782 2222 δν
802 2159 894 2226 αὐτοὺς
912 2159 1085 2238 καρποῦσθαι.

673 629 805 690 maloi*
825 628 851 686 0
873 623 965 684 nhil
987 619 1064 680 Tot·
1087 615 1327 700 Aniznnnxon
1347 609 1512 672 Annius.

1743 605 1885 676 ινι-ννι

1116 769 1191 820 opum
1212 753 1343 817 cupiditate
1364 749 1479 802 stimulati
1500 747 1552 796 haec
1568 743 1650 794 omnia
1669 740 1800 794 machinati
1825 740 1891 800 sum,

1115 857 1164 906 quo
1178 846 1278 893 rnatrern
1287 853 1365 890 meam
1378 837 1448 888 honis
1459 837 1508 886 suis
1516 831 1692 883 defraudarem.

1150 939 1187 982 18.
1195 932 1246 981 Erit
1255 930 1358 980 forsitan
1368 929 1391 977 in
1400 937 1500 976 nurnero
1514 924 1610 981 vestro,
1619 918 1724 980 judicas,
1733 914 1894 978 quitniretnr,

1117 1021 1161 1056 cur
1171 1007 1239 1056 bonis
1257 1005 1343 1055 nostris
1358 1017 1400 1066 per
1415 1005 1465 1051 tam
1482 997 1639 1061 longinquum
1656 993 1772 1058 temporis
1789 993 1896 1055 spatirmr

1046 1105 1053 1130 ι
1117 1086 1209 1136 exclusi
1220 1084 1367 1135 tacuerimus
1378 1083 1402 1130 et
1414 1093 1481 1129 nunc
1497 1078 1597 1128 demum
1615 1087 1643 1125 ea
1653 1073 1801 1137 postulatum
1814 1071 1895 1121 renia-

1119 1179 1181 1215 mns.
1215 1167 1264 1226 Ego
1277 1175 1335 1212 vero
1352 1171 1493 1223 quanquam
1509 1169 1606 1220 equum
1618 1152 1684 1202 hand
1696 1163 1781 1202 ceuoeo
1789 1163 1842 1200 esse
1853 1161 1898 1198 nos

1120 1245 1173 1294 ideo
1191 1256 1262 1293 causa
1278 1242 1362 1291 cadere
1380 1241 1423 1289 aut
1437 1239 1491 1300 jura
1508 1236 1578 1287 nohis
1599 1235 1682 1284 νοοῖτο
1701 1229 1813 1280 imminui
1832 1231 1897 1290 (non

1120 1330 1240 1380 enimhoc
1254 1329 1280 1378 in
1292 1340 1391 1378 censum
1408 1326 1488 1385 venit,
1497 1323 1541 1374 sed
1551 1321 1721 1386 aequurnnesit
1734 1320 1800 1384 quod
1814 1321 1842 1369 tu
1854 1331 1899 1380 po·

1121 1411 1298 1473 stulasnecne)
1316 1430 1323 1462 ι
1346 1409 1501 1461 nihilominus
1515 1409 1597 1457 tamen
1615 1407 1689 1456 etiam
1705 1403 1736 1454 de
1755 1403 1792 1452 his
1802 1415 1900 1451 causam

1122 1497 1238 1546 hahemus
1246 1495 1348 1558 allegare
1357 1495 1477 1544 idoneam.
1491 1492 1541 1554 (ιν)
1552 1491 1623 1540 Ραῖει·
1632 1501 1720 1552 nennpe
1733 1500 1802 1538 meus
1812 1499 1841 1536 ea
1850 1485 1902 1546 tege

1123 1582 1168 1632 sihi
1177 1579 1319 1644 desponderi
1335 1581 1437 1630 matrem
1449 1590 1527 1628 meam
1543 1588 1626 1640 passus
1636 1575 1727 1635 inerat,
1740 1575 1768 1622 nt
1775 1571 1832 1622 dote
1843 1583 1903 1620 ocn-

1124 1669 1291 1730 tentusesset3
1306 1669 1384 1731 ipsam
1395 1665 1554 1717 hereditatam
1570 1677 1619 1714 non
1628 1663 1722 1726 poterat
1730 1661 1761 1711 ah
1776 1660 1823 1710 llis
1838 1658 1904 1713 redi-

1125 1767 1193 1818 gere,
1211 1754 1254 1816 qni
1266 1753 1430 1804 emolumenta
1449 1751 1501 1814 eins
1513 1749 1676 1814 percipiebant
1691 1767 1698 1798 ι
1717 1746 1810 1810 quotics
1824 1746 1904 1808 enin,

1126 1837 1242 1888 suadente
1250 1839 1340 1900 matre,
1349 1837 1422 1898 hujns
1431 1837 1465 1886 rei
1476 1835 1622 1884 mentionem
1632 1833 1733 1893 iaceret,
1745 1831 1771 1880 hi
1778 1830 1906 1880 miuahan·

1127 1924 1308 1975 tnrseuxoreun
1320 1919 1604 1986 ipsiusiniuresihtesse
1614 1917 1790 1981 mutaturos,
1802 1913 1908 1965 εῖιιοΙΙεί

1128 2024 1182 2061 eam
1193 2011 1239 2062 suh
1248 2009 1383 2061 conditione
1397 2005 1460 2056 dotis
1468 2005 1565 2056 hahere.
1599 2004 1670 2054 Pater
1685 2003 1781 2066 itaque,
1790 2015 1823 2051 ne
1831 2003 1908 2051 matre

1129 2096 1273 2159 privaretur,
1292 2095 1349 2144 sirit
1367 2105 1408 2142 eos
1424 2092 1545 2141 honorum
1558 2101 1628 2139 umus
1648 2088 1755 2138 fructum
1771 2085 1908 2150 percipere,

1132 2173 1205 2224 etiam
1217 2174 1237 2224 si
1249 2173 1323 2234 duplo
1339 2169 1455 2233 ampliora
1471 2167 1579 2218 tuissent.
1612 2165 1662 2228 (ιο)
1678 2168 1747 2216 tiano
1761 2164 1794 2214 oh
1811 2177 1908 2214 canum

268 2292 295 2331 to
310 2264 356 2344 (so)
376 2263 432 2323 Καί
446 2260 550 2337 τοῦμὲν
568 2257 613 2316 τδν
626 2254 729 2333 πατέρα
745 2249 782 2330 μή
801 2246 947 2315 ἐπεξελθεῖν
961 2244 1027 2324 ὑπὲρ
1040 2237 1099 2300 τού-
1130 2253 1198 2317 pater
1215 2255 1264 2301 hm
1274 2248 1317 2299 diu
1333 2247 1527 2300 cessarituxoris
1540 2245 1595 2308 tura
1604 2244 1629 2294 in
1640 2245 1691 2295 toro
1701 2244 1812 2308 persequi
1827 2245 1909 2307 :post-

309 2375 361 2412 των
371 2346 446 2408 τοῦτο’
456 2349 511 2404 ἐστι
524 2343 554 2402 τδ
568 2340 663 2400 αίτισν·
676 2337 744 2417 μετδι
756 2333 784 2395 δέ
796 2339 879 2394 ταῦτα
892 2333 906 2389 ὃ
918 2325 1087 2409 Κορινθιακὸς

311 2439 423 2515 πύλεμος
433 2432 549 2512 ἐγένετο,
561 2420 617 2510 tva}
628 2426 679 2506 ἐγὼ
688 2428 805 2491 κάκεῖνος
814 2418 999 2501 στρατεύεσθαι
1009 2419 1089 2494 ἠναγ·

312 2525 457 2603 καζόμιθα,
480 2519 547 2580 ὥστε
570 2515 696 2596 οὐδετέρῳ
719 2513 751 2572 δν
774 2514 850 2589 ἡμῶν
868 2508 942 2579 δίκην
962 2501 1090 2582 ἐξεγένετο

312 2615 413 2675 λαθεῖν.
426 2609 541 2691 Εἰρήνης
551 2609 575 2666 τ’
588 2596 621 2664 αἷί
635 2601 774 2684 γενομένης
787 2598 845 2676 ἐμοί
854 2621 880 2656 τι
890 2593 1014 2673 ἀτύχημα
1026 2589 1090 2671 πρδς

313 2703 344 2763 τίι
354 2699 478 2778 δημόσιον
489 2695 594 2767 συνέῦη,
605 2692 673 2752 ὥστε
685 2688 722 2768 μή
736 2687 824 2769 ῥᾴδιον
835 2674 902 2742 εἶναι
913 2680 977 2761 πρὸς
987 2676 1091 2744 τούτους

318 2787 494 2872 διαφέρεσθαι.
509 2783 597 2844 Ὥστε
611 2783 640 2840 οὗ
654 2774 748 2858 μικρίις
758 2775 852 2854 ἔχομεν
873 2768 957 2834 αἰτίας
967 2766 1029 2847 περί
1046 2788 1091 2824 του

317 2879 479 2959 πράγματος.
535 2871 580 2950 (τι)
607 2865 687 2928 Ἀἰλδι
711 2863 766 2924 νυνί
787 2859 886 2921 δίκαιον
909 2858 993 2915 εἰπεῖν
1013 2857 1092 2927 ἐστιν,

315 2955 337 3025 ὦ
351 2965 456 3045 ἄνδρες,
469 2959 536 3027 τίνος
551 2957 637 3023 δόντος
653 2953 694 3013 τὸν
703 2955 809 3031 κλῆρον,
822 2945 891 3008 κατὰ
899 2942 988 3010 ποίους
1002 2939 1094 3019 νόμους

281 3049 420 3120 eisternis
434 3048 566 3130 φράτορας
580 3037 772 3114 εἰσῆκται,καί
784 3038 840 3102 πῶς
852 3035 901 3092 οὐκ
915 3030 1052 3110 ἐπίκληρος
1062 3019 1094 3100 ήν

319 3138 362 3200 ert
373 3135 472 3201 τούτοις
489 3132 623 3214 χρήμασιν
636 3133 654 3200 ἡ
667 3125 718 3205 ἐμή
733 3124 831 3203 μήτηρ.
872 3123 897 3181 Τ
899 3123 965 3177 αῦτα
976 3116 1027 3197 γέρ
1040 3118 1095 3174 ἐστι

318 3225 379 3307 περῖ
390 3215 426 3282 ιδν
438 3226 507 3300 θμᾶς
520 3223 559 3278 δεῖ
570 3218 618 3288 τήν
632 3219 717 3296 ψῆφον
732 3215 857 3289 ἐνεγκεῖν,
870 3209 918 3265 oia
933 3207 956 3263 εἰ
966 3203 1053 3284 χρόνῳ
1067 3225 1092 3261 τι

319 3313 425 3392 ὕστερον
436 3309 512 3385 ήμεῖς
520 3309 572 3364 τῶν
582 3301 716 3381 ἡμετέρων
730 3294 948 3378 εἰσπραττόμεθα.
960 3289 1009 3361 Μή
1019 3292 1095 3361 δυνη·

320 3401 413 3462 θέντων
435 3394 462 3456 δὲ
474 3389 618 3470 ἐπιδεῖξαι,
631 3385 738 3452 δικαίως
750 3383 781 3444 δν
797 3380 859 3460 ἐμὸν
874 3378 951 3440 αὐτὸν
965 3367 1031 3436 εἰναι
1041 3377 1097 3456 ψη-

341 3490 451 3549 ἰσαισθε.

321 3513 339 3572 φ
360 3598 399 3638 aa.
420 3576 506 3635 Τοῦτο
522 3567 569 3649 μέν
587 3555 634 3626 οἶδ’
655 3564 695 3622 ὅτι
715 3560 797 3621 ποιεῖν
812 3559 862 3638 οἰιχ
876 3548 928 3617 οίοί
942 3553 965 3612 τ’
980 3553 1098 3612 ἔσονται·

295 3691 307 3728 a
321 3661 437 3745 χαλεπδν
451 3664 501 3738 γὰρ
512 3660 576 3736 πρὸς
589 3652 683 3730 νόμους
701 3649 747 3709 καί
758 3647 856 3707 δίκαιον
870 3652 981 3725 πρᾶγμα
995 3637 1099 3700 ἀντιλέ-

322 3775 376 3829 γειν
392 3747 461 3806 ἐστί·
473 3743 534 3821 περί
550 3740 578 3800 δί
589 3745 634 3799 τοῦ
643 3739 782 3801 τεθνεῶτος
795 3733 920 3804 λέξουσιν,
928 3732 1055 3794 ἐλεοῦντες
1066 3728 1100 3793 ὡς

324 3835 391 3916 ἀνὴρ
410 3831 446 3890 ὢν
470 3826 564 3907 ἀγαθὸς
582 3827 662 3904 ἐντῷ
683 3819 792 3900 πολέμῳ
812 3816 934 3888 τέθνηκε,
952 3812 997 3873 καί
1014 3812 1054 3872 δτι
1072 3805 1111 3872 οῦ

326 3920 424 3983 δίκαιόν
439 3920 493 3976 ἐστι
502 3912 548 3980 τὰς
559 3910 656 3970 ἐκείνου
669 3906 794 3978 διαθήκας
814 3902 923 3983 ἀκύρους
934 3898 1100 3960 καθιστάναι.

326 4005 399 4091 Ἐγὼ
411 4004 439 4066 ei
451 4003 496 4064 καί
509 3999 598 4074 αὐτός,
616 3987 637 4057 εἰ
653 3995 759 4078 ἄνδρες,
778 3982 853 4070 οἶμαι
865 3991 917 4050 δεῖν
931 3988 1023 4069 κυρίας
1037 3977 1102 4045 εἶναι

327 4099 372 4166 τίις
390 4092 529 4164 διαθήκας,
547 4087 578 4155 t<
592 4085 623 4146 δν
640 4083 748 4149 ἕκαστος
762 4081 883 4152 διαθῆται
898 4075 961 4153 περί
977 4079 1030 4134 τῶν
1044 4077 1103 4132 ἐαυ-

326 4193 385 4264 τοῦ,
394 4181 454 4263 περί
465 4179 551 4260 μέντοι
564 4180 615 4234 τῶν
624 4170 767 4250 ἀλλοτρίων
778 4169 806 4228 οὐ
819 4166 909 4248 κυρίας
923 4155 1103 4228 ιίναιτίιςθια·

327 4274 426 4348 θήκας,
438 4267 528 4347 ὥσπερ
540 4263 571 4331 θς
583 4261 614 4320 δν
629 4258 737 4324 ἕκαστος
750 4255 873 4336 περὶτῶν
886 4257 963 4311 αὑτοῦ
975 4252 1104 4322 διαθῆται.

290 4383 316 4422 ¹⁰
328 4355 516 4510 iiiiii
517 4339 963 4512 ῖῖέέῖῖῖῖῖήῖῖέίλίἰγῖῖίῖ
974 4336 1106 4506 ἰῖήῖῖξζξ

330 4534 480 4616 παρέχηται
494 4533 529 4597 ὡς
548 4525 644 4586 διέθετο
663 4522 773 4594 ἰκτῖνος,
794 4494 968 4577 ἐπιδεικνύναι
987 4509 1105 4572 κελεύετε

331 4627 353 4682 εί
366 4620 469 4687 δικαίως
478 4619 511 4678 sd
522 4619 625 4676 ἐαυτοῦ.
648 4615 735 4673 Τοῦτο
749 4607 800 4687 γδιρ
821 4602 919 4664 δίκαιόν
938 4604 1002 4662 ἐστι.
1018 4596 1106 4660 neret·

331 4731 399 4768 τατα
414 4707 464 4786 γδιρ
484 4704 516 4764 δν
527 4704 632 4763 πάντων
650 4697 765 4778 γένοιτο,
786 4697 809 4753 εἰ
830 4689 981 4770 Κυρωνίδης
1000 4685 1048 4765 μέν
1062 4685 1107 4745 καί

332 4787 417 4867 οῦτοι,
429 4794 501 4858 ὄντες
513 4789 538 4858 ἐξ
550 4790 666 4864 ἐκείνου,
679 4782 806 4862 μὴ’μόνον
815 4778 859 4839 τδν
869 4775 1023 4838 Ξεναινέτου
1038 4763 1106 4832 οἰκον

333 4881 413 4945 πλέον
427 4879 444 4953 ἢ
460 4877 589 4959 τεττάρων
609 4873 745 4934 ταλάντων
764 4869 870 4942 ἕξουσιν,
885 4864 954 4925 ἀλλὰ
975 4862 1021 4923 καί
1036 4859 1109 4920 τόνδε

296 4997 321 5038 ιε
335 4967 543 5055 προσλήψονται,
555 4961 607 5039 ἐγὼ
621 4960 648 5019 δέ
659 4963 706 5030 τῆς
719 4955 815 5036 μητρδς
827 4953 905 5023 ούσης
919 4949 1009 5030 κυρίας
1023 4945 1068 5006 καί
1080 4948 1109 5005 ἐκ

334 5067 385 5123 τῶν
399 5060 484 5118 αὐτῶν
499 5049 636 5131 Κυρωνίδη
647 5043 816 5124 γεγενημένος
830 5044 853 5100 εἰ
864 5035 932 5117 μηδὲ
941 5038 984 5096 τδν
998 5040 1044 5107 τῆς
1059 5058 1110 5111 μη-

334 5149 393 5232 τρὸς
410 5147 507 5223 κλῆρον
525 5136 660 5217 λήψομαι,
672 5128 717 5190 καί
730 5133 815 5188 ταῦτα
836 5125 901 5202 μηδὲ
922 5123 1034 5204 ἐχόντων
1048 5118 1110 5179 τοιίΗ

336 5261 387 5296 των
404 5235 551 5309 ἐπενεγκεῖν
565 5221 628 5303 παρ’
647 5218 706 5279 ὅτου
726 5217 785 5275 ποτ’
800 5213 931 5292 εἰλήφασι.
956 5209 1001 5288 (τι)
1017 5205 1111 5268 Καίτοι

337 5327 445 5394 δίκαιον,
455 5311 477 5378 ὦ
489 5318 588 5397 ἄνδρες,
596 5310 684 5390 ὥσπερ
692 5308 743 5366 τῶν
757 5297 996 5384 ἀμρισῦητησίμων
1005 5293 1110 5377 χωρίων

338 5412 378 5472 δεῖ
387 5409 430 5468 τδν
444 5405 536 5486 έχοντα
546 5400 564 5476 ἢ
575 5398 650 5474 θέτην
662 5395 680 5470 ἢ
690 5395 812 5476 πρατῆρα
823 5385 985 5469 παρέχεσθαι
999 5383 1017 5456 ἢ
1028 5401 1110 5442 κατα·

1132 2334 1232 2385 modum
1249 2335 1379 2385 intervenit
1396 2332 1486 2384 beilum
1502 2330 1697 2393 Corinthiacum,
1715 2330 1740 2379 in
1752 2341 1805 2392 quo
1819 2341 1911 2391 egoque

1133 2422 1248 2484 paterque
1253 2418 1409 2469 militavimus
1415 2415 1563 2477 ιιεσσσεοτῖος
1573 2427 1623 2478 quo
1634 2414 1725 2466 tactum
1734 2414 1771 2463 est
1779 2414 1809 2462 ut
1815 2412 1912 2474 utrique

1134 2506 1243 2554 nostrum
1263 2514 1346 2565 poenns
1365 2501 1397 2550 ah
1415 2499 1453 2549 his
1472 2499 1570 2550 meritas
1587 2498 1694 2561 repetere
1710 2497 1823 2559 negatum
1840 2496 1912 2545 mset.

1135 2586 1195 2632 Pace
1203 2585 1284 2630 autern
1291 2578 1402 2629 restituta
1410 2577 1457 2627 hoc
1463 2577 1523 2627 mihi
1532 2575 1631 2639 contigit
1639 2574 1847 2636 infortunium,ut
1855 2585 1915 2622 ura·

1135 2659 1184 2708 rius
1195 2657 1276 2706 ierem
1290 2654 1442 2719 reipublicae,
1456 2655 1602 2717 quapropter
1618 2666 1674 2702 cum
1692 2651 1730 2701 his
1740 2651 1766 2700 in
1779 2651 1834 2712 jnrc
1845 2663 1916 2712 agere

1074 2768 1091 2784 s
1136 2752 1184 2789 non
1199 2738 1295 2789 licebat.
1329 2737 1461 2788 Habuimus
1480 2736 1562 2799 itaqua
1573 2747 1657 2786 causas
1673 2735 1762 2785 nostrae
1776 2733 1916 2784 mundonis

1136 2818 1264 2882 legitimus.
1298 2817 1347 2881 (it)
1364 2819 1435 2868 rinno
1448 2817 1531 2867 autem
1545 2817 1638 2877 iustum
1649 2815 1686 2865 est
1698 2815 1763 2864 hunc
1776 2813 1917 2878 [Amma-

1137 2903 1210 2967 tum]
1230 2903 1324 2964 dicere,
1347 2901 1492 2965 quhuamei
1512 2900 1574 2950 hanc
1600 2898 1757 2950 hereditatem
1772 2899 1871 2961 legarit,
1891 2899 1918 2947 ct

1139 2994 1242 3045 quarum
1261 2983 1341 3043 legum
1361 2993 1390 3030 ex
1417 2978 1561 3029 auctoritate
1582 2977 1608 3027 iu
1628 2976 1755 3040 collegium
1774 2975 1917 3038 phratorurn

1140 3062 1149 3128 [
1159 3060 1304 3125 Aristarchi]
1314 3061 1429 3112 inductus
1437 3059 1481 3123 sit,
1491 3061 1516 3110 et
1524 3071 1569 3108 cnr
1580 3059 1656 3108 mater
1665 3070 1719 3108 mea
1727 3069 1776 3106 nou
1786 3056 1859 3107 tuerit
1869 3057 1919 3106 filia

1140 3147 1233 3210 epatre
1243 3157 1299 3202 cum
1309 3142 1441 3193 hereditate
1451 3142 1544 3192 relicta.
1577 3143 1637 3190 Haec
1649 3140 1715 3189 euim
1723 3131 1779 3189 snut
1788 3139 1830 3188 illa
1839 3139 1919 3202 capita

1141 3232 1171 3282 de
1180 3230 1267 3294 quibus
1275 3243 1320 3280 ros
1332 3229 1439 3292 oportet,
1449 3227 1555 3289 iudicas,
1566 3226 1739 3288 pronuntiare,
1750 3237 1800 3274 non
1808 3227 1919 3289 tempora

1141 3313 1248 3375 moveri,
1257 3312 1277 3362 si
1286 3312 1348 3362 sorte
1363 3323 1408 3360 uos
1421 3309 1544 3372 aliquanto
1560 3307 1698 3369 seriuaJura
1711 3310 1793 3359 nostra
1807 3308 1919 3371 exsequi-

1142 3408 1206 3447 mur.
1238 3395 1281 3448 sin
1294 3396 1374 3445 antem
1385 3393 1427 3444 iila
1441 3392 1605 3444 demonstrare
1615 3393 1748 3455 nequeant,
1764 3391 1817 3454 inre
1831 3389 1919 3440 merito

1143 3494 1188 3530 ros
1195 3478 1354 3545 pronuntietis
1361 3476 1519 3528 hereditatem
1529 3477 1635 3526 nostram
1644 3488 1703 3526 csse

1175 3565 1213 3608 κν.
1230 3557 1308 3608 Probe
1319 3557 1400 3605 autem
1411 3554 1483 3615 nori,
1494 3565 1551 3615 quse
1566 3551 1676 3616 postulo,
1686 3565 1716 3602 ea
1724 3553 1838 3615 passure
1848 3565 1921 3615 nega.

1144 3637 1198 3686 tum
1208 3635 1244 3683 his
1259 3647 1309 3683 csse
1317 3648 1325 3694 ς
1341 3631 1438 3682 dificile
1447 3631 1511 3680 enirn
1520 3631 1556 3680 est
1568 3630 1647 3691 legum
1656 3628 1739 3679 edictis
1753 3631 1779 3678 et
1788 3641 1859 3692 aequo
1872 3629 1921 3690 juri

1144 3731 1275 3782 repugnare
1286 3736 1292 3767 ι
1302 3717 1328 3766 at
1337 3715 1412 3766 rerba
1420 3714 1450 3764 dc
1463 3713 1576 3763 defuncto
1594 3711 1750 3776 [Aristarcho
1759 3713 1871 3777 juniore]
1884 3715 1921 3764 ta·

1146 3801 1209 3850 cient
1222 3801 1328 3849 oratione
1344 3796 1375 3848 ad
1388 3794 1496 3846 ciendam
1505 3795 1637 3858 composita
1649 3794 1839 3856 miserationem,
1849 3809 1922 3856 qnam

1146 3886 1214 3936 sortis
1237 3884 1274 3934 vir
1294 3884 1320 3932 tn
1338 3881 1401 3932 hello
1417 3878 1573 3941 occubuerit,
1592 3880 1616 3929 et
1634 3890 1709 3942 quam
1727 3878 1758 3928 sit
1774 3891 1873 3941 aequum
1892 3880 1923 3928 ab

1146 3981 1175 4020 eo
1184 3980 1227 4031 per
1240 3966 1410 4017 testamentum
1422 3963 1554 4013 constituta
1564 3964 1617 4010 rata
1628 3971 1688 4011 mse.
1721 3963 1770 4022 Ego
1781 3972 1853 4022 vero,
1862 3959 1923 4022 judi.

1147 4061 1199 4111 ces,
1216 4048 1266 4110 ipae
1274 4059 1371 4110 quoque
1383 4057 1468 4094 censeo
1483 4043 1654 4104 testamentum
1671 4051 1723 4089 esse
1738 4039 1824 4090 dehere
1844 4041 1924 4088 ratum

1147 4128 1222 4192 iliud,
1239 4119 1829 4190 quoquisdesuisboniscoustituarit501usunodi
1843 4123 1925 4172 antem

1148 4214 1332 4274 testamentum,
1346 4223 1396 4274 quo
1405 4210 1458 4273 quis
1471 4207 1501 4258 de
1514 4206 1597 4258 attente
1615 4205 1685 4256 honis
1700 4205 1864 4266 comdtuerit,
1877 4218 1926 4254 nou

1148 4294 1246 4358 perinde
1262 4297 1335 4360 atque
1343 4295 1446 4344 alterum
1462 4290 1537 4354 iilud,
1549 4293 1630 4341 ratum
1645 4288 1783 4340 hahendam
1794 4300 1845 4338 csse
1857 4291 1926 4351 puto.

1149 4379 1198 4444 (es)
1213 4380 1267 4430 Jann
1278 4380 1331 4429 haec
1349 4377 1476 4440 hereditas,
1496 4376 1524 4426 ut
1539 4387 1604 4425 nunc
1616 4374 1695 4436 patet,
1714 4384 1763 4421 non
1775 4370 1874 4432 horum,
1884 4373 1927 4424 sed

1150 4467 1287 4518 nostrneat.
1330 4462 1421 4521 Quodsi
1430 4474 1521 4525 ergoco
1530 4457 1662 4522 contugerit
1670 4459 1816 4508 Aanoenetus
1826 4459 1854 4506 nt
1862 4457 1929 4510 dicat

1149 4553 1223 4614 atque
1231 4547 1374 4601 testimoniis
1388 4545 1492 4596 afirmat
1503 4541 1670 4595 Aristarchum
1684 4541 1855 4591 testamentum
1870 4541 1929 4591 reli-

1150 4637 1240 4699 qnisse,
1249 4635 1330 4698 iubete
1340 4646 1397 4684 eum
1405 4633 1492 4683 dooere
1502 4626 1667 4682 Aristarchum
1676 4624 1706 4675 de
1715 4625 1785 4674 honis
1793 4609 1929 4688 quaeip'sius

1151 4716 1493 4787 propriaassentdiaposuissa.
1525 4713 1553 4764 1d
1562 4709 1727 4772 euimjustum
1737 4709 1762 4759 et
1771 4719 1869 4770 aequum
1882 4709 1928 4756 mi,

1152 4807 1332 4870 iniquissimum
1340 4803 1404 4853 enim
1414 4802 1476 4852 toret
1484 4799 1504 4850 si
1520 4795 1651 4861 cyronides
1662 4796 1687 4844 et
1695 4793 1720 4842 hi
1731 4805 1763 4842 ex
1777 4805 1807 4842 eo
1819 4789 1870 4840 nati
1880 4803 1929 4840 non

1152 4893 1230 4946 solum
1236 4887 1359 4940 xenoneti
1368 4883 1500 4950 [senioris]
1510 4894 1561 4932 rem
1566 4879 1672 4930 habeant
1677 4877 1793 4940 quattuor
1801 4871 1897 4924 talentis
1906 4875 1930 4922 et

1153 4981 1217 5029 ultra
1225 4973 1381 5034 mstimatam,
1391 4968 1433 5020 sed
1446 4969 1509 5018 hanc
1526 4963 1655 5016 Aristarchi
1668 4974 1765 5025 quoque
1777 4959 1875 5022 insuper
1890 4971 1931 5006 au·

1154 5064 1248 5115 terente
1266 5070 1375 5122 agonem
1387 5053 1471 5106 emam
1482 5063 1538 5102 cnm
1550 5046 1669 5113 cyrontde
1677 5045 1751 5108 stirpe
1761 5045 1893 5107 promtus
1901 5055 1930 5091 na

1154 5143 1238 5194 matris
1252 5139 1350 5203 quidem
1362 5147 1437 5196 mem,
1452 5131 1522 5194 cuins
1536 5128 1656 5192 optimum
1666 5126 1706 5188 lus
1714 5125 1763 5186 est,
1772 5121 1929 5173 hereditatem

1155 5227 1221 5278 adire
1234 5221 1337 5288 possim,
1352 5219 1426 5282 idque
1436 5225 1514 5279 quum
1525 5212 1613 5262 docere
1620 5210 1646 5259 hi
1655 5206 1790 5270 nequeant,
1802 5214 1929 5267 aquonam

1155 5306 1218 5356 bona
1230 5303 1276 5352 ista
1284 5297 1425 5362 acceperint.
1457 5293 1507 5357 (ai)
1517 5289 1603 5354 Atqui,
1611 5286 1714 5351 judices,
1725 5279 1928 5346 quemadmodum

1156 5397 1200 5449 par
1210 5382 1247 5435 eet
1257 5381 1311 5432 orta
1319 5377 1349 5427 de
1359 5373 1438 5427 tundis
1446 5368 1607 5422 controversia
1616 5373 1773 5430 pomcmorem
1783 5361 1880 5410 illorum
1888 5361 1931 5408 aut
