4230 6146
637 511 760 572 LYSIAE
782 511 933 572 CONTRA
954 513 1187 574 secretalium
1205 513 1270 574 Oli.
1293 516 1331 574 ll.
1732 525 1787 578 rae

159 663 171 694 ι,
189 641 240 695 τῶν
260 633 389 717 σφετέρων
409 636 494 694 αὐτῶν
512 639 598 702 κακῶς
619 634 819 715 βουλευσάμενοι
833 636 893 717 περὶ
913 641 964 696 τῶν
1014 639 1115 689 ubltuls
1135 638 1207 689 rebus
1226 639 1327 702 pessime
1345 641 1522 703 consuluerint,
1541 640 1572 692 de
1589 642 1675 692 vestris
1696 645 1790 694 concio·

191 723 322 804 ὑμετέρων
335 725 536 800 δημηγοροῦσιν.
1014 727 1110 776 uantur.

229 831 265 871 ao.
289 808 361 888 Ἐγὼ
375 808 422 886 μέν
435 801 479 868 οῦν
493 814 527 876 ὡς
536 809 666 886 ἐδυνάμην
680 810 774 890 ἄριστοι
788 811 966 892 κατηγόρηκα,
1044 816 1083 862 le.
1097 817 1147 876 Ege
1156 812 1227 875 igitur
1238 827 1311 876 quarn
1328 815 1395 878 potui
1405 814 1495 878 optime
1507 818 1624 866 accusavi.
1640 819 1694 868 lion
1707 817 1791 881 ignoro

190 897 369 974 ἀττίσταμαιδ
388 895 428 954 ότι
442 899 465 954 oi
481 894 528 972 μὲν
547 895 622 954 ἄλλοι
642 900 692 956 τῶν
715 897 886 976 ἀκροωμένων
902 905 967 958 θαυ-
1013 908 1056 958 hos
1068 909 1162 971 quidem
1179 908 1298 959 auditores
1309 909 1391 960 mirsri
1404 924 1453 973 quo
1467 913 1538 974 pacto
1554 913 1673 976 patuerim
1688 914 1790 964 istorum

191 986 330 1064 μύζουσιν,
345 984 415 1050 ὅπως
425 986 483 1042 ποθ’
500 983 581 1048 odeat<
595 983 707 1064 θιριθῶι
721 985 845 1057 ἐδυνήθην
857 985 966 1068 ἐξευρεῖν
1014 1003 1102 1065 flagitia
1115 1005 1167 1053 tum
1183 1007 1297 1055 accurate
1312 1005 1468 1070 ὶανωιηιιες
1484 1007 1557 1058 istum
1572 1010 1654 1058 autem
1670 1010 1790 1060 nihilei-

189 1073 327 1132 τίῑῖθύῑων
345 1071 541 1152 &pepe-iperet,
555 1060 626 1138 Οὗτοί
645 1072 672 1130 δέ
691 1096 741 1150 pcc
763 1077 912 1153 χαῗαίῑλθι
928 1073 967 1132 ὅῐῑ
1012 1099 1070 1150 dere
1088 1100 1154 1162 quod
1172 1113 1250 1164 neque
1265 1102 1428 1152 nrulteslmam
1446 1103 1553 1166 ipsorum
1566 1106 1680 1170 nequitiae
1699 1109 1791 1169 partem

190 1159 246 1219 οὐδὲ
260 1159 404 1219 πολλοστὸν
422 1158 498 1238 μέρος
513 1157 605 1238 εἴρηκα
620 1163 671 1218 τῶν
685 1159 783 1226 τούτοις
797 1161 966 1242 ὑπαρχόντων
1012 1197 1152 1259 persecutus
1160 1197 1255 1246 fuerim·
1290 1197 1340 1260 (47)
1353 1201 1403 1249 Vos
1415 1199 1496 1263 itaque
1511 1203 1537 1250 e,
1551 1214 1580 1250 ea
1593 1215 1648 1265 qum
1661 1201 1711 1252 dm.
1728 1204 1754 1252 θ,
1764 1217 1791 1254 ω

188 1251 286 1306 κακῶν·
330 1245 374 1327 ίΠλ
394 1245 486 1322 Ὑμεῖς
501 1236 545 1303 cde
559 1245 604 1304 καὶ
618 1245 652 1304 τὰ
667 1246 790 1327 Εἶθημένα
805 1248 850 1307 καὶ
863 1249 896 1306 τὰ
916 1272 967 1307 w
1012 1304 1067 1354 νινε
1075 1293 1215 1355 pretermisi
1224 1294 1368 1358 cogitantes,
1382 1309 1450 1346 reum
1459 1297 1546 1347 exinde
1557 1298 1635 1348 multo
1648 1301 1791 1362 matiscon·

147 1347 175 1384 rc
189 1332 380 1416 ραλελειμμένα
395 1333 611 1410 ἀναλογισάμενοι
624 1332 690 1391 πολύ
705 1337 805 1412 μᾶλλον
819 1339 896 1394 αὐτοῦ
918 1360 967 1444 un:
1012 1385 1136 1449 demna&
1149 1389 1195 1438 mi
1212 1389 1303 1440 sufficet
1321 1391 1394 1440 istum
1416 1393 1517 1442 cumina
1532 1394 1622 1456 teneri,
1637 1407 1666 1444 ac
1677 1395 1739 1446 bene
1753 1397 1790 1461 agi

195 509 334 587 toan-eas)

187 1421 383 1506 ταθηρίσασθε,
410 1419 596 1502 ἐνθυμηθέντεςΙ
615 1419 654 1479 ύτι
677 1419 764 1501 ἔνοχος
787 1422 834 1499 μέν
858 1425 914 1482 ἐστι
934 1449 966 1504 τη

187 1513 292 1588 γραφῇ,
307 1507 409 1586 μεγάλη
425 1507 446 1564 δ’
457 1505 563 1584 εὐτυχία
579 1505 608 1564 τὸ
622 1505 743 1565 τοιούτοιν
756 1511 868 1567 πολιτῶν
880 1512 965 1569 ἀπαλ·

188 1599 300 1671 λοιγῆναι
311 1594 395 1652 πόλει.
445 1593 585 1672 Ἀνάγνωθι
605 1594 627 1650 δ’
648 1597 734 1661 αὐτοῖς
749 1595 807 1662 τοὺς
817 1596 910 1674 νόμους
921 1596 967 1656 καί

186 1681 245 1749 τούς
259 1681 348 1761 ὅρκους
369 1681 472 1750 καλιήν
492 1679 604 1760 γραρήν·
628 1680 674 1739 καί
694 1681 792 1742 τούτων
806 1684 966 1762 μεμνημένοι

186 1773 342 1849 ψηφιοῦνται
353 1765 386 1826 τδι
397 1767 496 1828 δίκαια.

380 1913 496 1960 uomet.
518 1912 626 1960 OPKOI.
648 1913 762 1961 rumuli.

485 2089 668 2117 w

543 2256 609 2316 XV.

146 2467 172 2508 rt
260 2449 363 2510 tlara
384 2447 616 2508 aaulssraaot
637 2447 890 2506 ΑΣΤΡΑΤΕΙΑΣ.

227 2638 300 2717 Ἐγὼ
309 2626 395 2715 pind
407 2637 495 2717 ἄνδρες
509 2634 641 2713 δικασταί,
652 2634 698 2694 καὶ
712 2639 780 2715 ὑμᾶς
795 2636 918 2717 αἰτοῦμαι
930 2636 964 2698 rb

188 2727 275 2786 δίκαια
287 2725 467 2808 ψηφίσασθαι,
489 2724 533 2783 καί
545 2728 596 2782 τῶν
618 2729 769 2804 στρατηγῶν
782 2723 888 2802 δέομαι,
899 2725 963 2785 ’ἐπεὶ

186 2809 231 2873 καί
244 2815 270 2872 ἐν
286 2818 317 2894 τῇ
332 2811 401 2892 άλλη
421 2816 489 2892 ἀρχῇ
504 2813 601 2870 πολλοῦ
620 2810 685 2878 ἄξιοι
699 2817 732 2890 τῇ
744 2809 819 2869 πόλει
833 2811 964 2890 γεγόνασι,

145 2921 171 2959 ευ
186 2899 229 2958 καί
243 2899 366 2980 περὶτῶν
381 2904 427 2971 τῆς
442 2899 597 2979 ἀστρατείας
611 2903 718 2979 γραφῶν
732 2897 831 2966 κοινούς
851 2889 965 2980 εἶναιτῷ

185 3010 213 3046 τε
226 2986 343 3044 διώκοντι
354 2985 399 3045 καὶ
409 2989 445 3066 τῷ
455 2985 588 3067 φεύγοντι,
602 2985 647 3043 καί
659 2985 696 3062 μὴ
715 2989 872 3064 βοηθοῦντας
884 2989 918 3053 ὡς
932 2985 963 3044 ἂν

187 3072 329 3151 βούλωνται
348 3081 436 3131 πᾶσαν
456 3071 601 3153 προθυμίαν
623 3070 692 3150 ἔχειν
714 3071 788 3152 παρδι
809 3073 839 3131 τὸ
863 3072 962 3132 δίκαιον

186 3165 253 3238 ὑμᾶς
264 3159 437 3242 ψηφίσασθαι,
451 3161 481 3240 (ν)
495 3159 695 3236 ἐνθυμουμένους
709 3159 748 3219 δτι
759 3159 849 3242 σφόδρ’
859 3159 890 3220 διν
901 3165 965 3239 ἠγα-

185 3257 319 3321 νακτεῖτε,
334 3251 357 3306 εἰ
375 3251 448 3327 ἐντῇ
470 3246 583 3327 ὑμετέρα
603 3247 746 3328 δοκιμασίᾳ
766 3251 790 3307 οἱ
812 3249 964 3327 θεσμοθέται

187 3336 328 3402 ἀναδύντες
351 3339 424 3413 θμῶν
444 3334 543 3394 ἐδέοντο
563 3335 809 3416 καταψηφίσασθαι,
824 3334 964 3415 ἡγούμενοι

148 3443 174 3481 το
187 3423 267 3483 δεινδν
280 3415 363 3500 εἶναι,
376 3425 398 3481 εἰ
413 3425 436 3480 cl
456 3420 567 3490 τιθέντες
585 3421 630 3480 τὸν
652 3425 741 3501 ἀγῶνα
758 3422 803 3481 καὶ
817 3421 864 3494 τήν
879 3425 965 3504 δῆμον

188 3511 298 3579 διδόντες
317 3509 559 3590 παρακελεύσονται
578 3513 629 3568 τῶν
650 3509 696 3586 μὲν
718 3507 754 3587 μή
770 3509 965 3592 [καταψηφίζσ

187 3605 261 3670 σθαι,
275 3603 326 3658 τῶν
341 3598 387 3676 δὲ]
406 3596 640 3679 καταψηφίζεσθαι.
682 3598 715 3676 (υ)
733 3597 768 3657 Τί
781 3597 802 3656 δ’
818 3597 849 3656 διν
862 3598 964 3678 αἴσχιον

186 3687 239 3754 ἔθος
253 3684 271 3758 ἢ
285 3684 425 3766 δεινότερον
442 3695 552 3765 πρᾶγμα
565 3683 657 3743 τούτου
679 3689 710 3765 τῇ
726 3683 801 3744 πόλει
818 3683 927 3762 γένοιτο,
943 3689 966 3744 εἰ

185 3773 312 3851 τολμήσει
332 3777 345 3832 θ
366 3773 413 3851 μὲν
427 3773 516 3854 ἄρχων
538 3775 563 3831 ἐν
582 3780 638 3838 ταῖς
654 3777 704 3830 τῶν
724 3771 870 3852 ἐπικλήρων
883 3773 966 3840 δίκαις

188 3861 331 3922 ἀντιὸολεῐν
348 3859 393 3919 καλ
406 3857 529 3918 ἱκετεύειν
546 3857 605 3923 τούς
620 3856 743 3924 δικαοτδις
753 3857 769 3915 θ
779 3882 803 3916 τι
821 3857 853 3916 διν
869 3857 964 3938 βούλη-

186 3973 230 4008 ται
244 3953 408 4030 πραχθῆναι,
419 3951 433 4005 θ
445 3945 471 4005 δέ
484 3945 650 4027 πολέμαρχος
660 3945 705 4004 κοιλ
717 3948 740 4004 οἱ
755 3943 845 4004 ἕνδεκα
860 3947 963 4019 δεήσοι·

186 4061 230 4096 ται
243 4040 268 4096 ἐν
284 4045 341 4104 ταῖς
357 4037 439 4104 δίκαις
453 4035 510 4102 ταῖς
528 4038 572 4115 ὑφ’
589 4037 687 4092 ἑαυτῶν
705 4031 898 4112 εἰσαγομέναις,
913 4032 966 4092 ώσ-

148 4145 175 4183 υυ
188 4149 237 4206 περ
251 4123 296 4183 καὶ
305 4129 366 4200 νῦν;
382 4123 415 4202 (l)
431 4121 491 4202 xpi,
504 4120 587 4180 τοίνυν
602 4119 647 4179 καί
659 4120 724 4201 ὑπὲρ
736 4123 808 4196 ύμῶν
821 4121 905 4178 αύτῶν
919 4123 964 4191 τήν

187 4210 267 4282 αὐτὴν
283 4211 389 4290 γνώμην
409 4209 492 4289 ἔχειν,
509 4207 712 4287 ἐνθυμουμένους
732 4207 773 4266 ότι
792 4206 863 4265 οὐδέν
876 4208 966 4267 διοίσει

185 4301 252 4374 ὑμᾶς
265 4297 318 4379 ἰδίη
331 4297 448 4378 περὶτῆς
461 4293 616 4377 ἀστρατείας
629 4299 742 4373 βοηθεῖν,
753 4293 771 4365 ἢ
783 4291 881 4353 τούτων
896 4295 966 4363 τινδις

187 4387 286 4444 δεῖσθαι
307 4385 399 4451 αὐτούς
421 4383 469 4456 τήν
492 4388 576 4464 ψῆρον
603 4381 726 4448 διδόντας.
768 4381 799 4460 (ο)
828 4380 966 4462 Σκέψασθε

187 4473 232 4550 δέ,
247 4463 270 4532 ῶ
283 4474 372 4554 ἄνδρες
388 4471 526 4545 δικασταί,
540 4469 686 4529 licitatio
699 4467 808 4547 γένηται
826 4468 965 4549 τεκμήριον

187 4559 226 4617 ὅτι
238 4560 318 4626 οὐδείς
337 4583 379 4618 πω
399 4563 452 4618 τῶν
477 4555 609 4638 ἀρχόντων
625 4560 652 4616 ἐν
666 4561 703 4637 τῷ
720 4556 887 4637 στρατοπέδῳ
908 4557 966 4616 Ἀλ·

186 4647 292 4727 κιόιάδῃ
318 4639 350 4719 ήν
371 4643 622 4727 παρεσκευασμένος.
664 4644 763 4724 Ἐχρῆν
786 4643 837 4725 γδιρ
866 4641 966 4718 αὐτούς,

188 4733 259 4814 εἴπερ
293 4737 378 4807 ἀληθῆ
407 4733 551 4811 λέγουσιν,
572 4733 711 4791 ἀνακαλεῖν
741 4731 788 4809 μὲν
811 4733 966 4811 Πάμφιλον,

148 4839 172 4876 τυ
187 4820 226 4880 ότι
240 4824 357 4902 ἀφαιρῶν
370 4821 414 4880 τὸν
436 4820 516 4878 ἵππον
532 4818 632 4885 ἱππέως
655 4817 791 4900 ἀπεστέρει
812 4817 858 4890 τήν
872 4817 965 4889 πόλιν,

188 4908 338 4967 έπιόάλλειν
352 4907 379 4966 δέ
402 4911 439 4988 τῷ
454 4906 598 4989 φυλάρχῳ,
620 4907 660 4964 δτι
680 4905 821 4975 ἐξελαύνων
836 4903 965 4964 ’alendusi-

188 4999 235 5068 δην
259 5000 289 5056 ἐκ
308 5002 354 5068 τῆς
375 4999 456 5078 φυλῆς
477 4997 571 5076 ἄκυρον
594 4995 675 5054 ἐποίει
697 4994 745 5066 τήν
766 4994 864 5053 τούτων
885 4993 966 5066 τάξιν,

188 5084 300 5144 κελεύειν
324 5083 352 5143 δὲ
376 5086 419 5143 τὸν
443 5084 583 5164 ταξίαρχον
609 5081 749 5164 liniziaco
769 5081 845 5140 αύτδν
869 5083 899 5139 ἐκ
922 5088 967 5140 τοῦ

1012 1497 1069 1534 cunr
1079 1483 1201 1546 republica
1212 1485 1232 1535 si
1243 1486 1275 1536 ab
1283 1486 1418 1537 istiusmodi
1427 1487 1519 1538 civibus
1529 1488 1651 1540 liberetur.
1665 1492 1790 1544 iudicibus

1012 1580 1169 1644 recitalegaa,
1176 1581 1360 1646 iusiurandum,
1370 1585 1395 1633 et
1407 1584 1517 1635 libellum
1523 1587 1698 1637 accusatorium
1710 1607 1716 1637 ε
1728 1602 1789 1652 quo-

1013 1691 1067 1726 rum
1081 1689 1198 1728 memores
1207 1679 1271 1742 iusta
1279 1681 1305 1730 el
1315 1693 1386 1742 aeque
1397 1680 1534 1732 decernent.

1223 1796 1330 1845 LEGES.
1348 1797 1580 1847 sustentabunt.

1199 1926 1349 1975 libutius
1363 1927 1605 1977 accusaremus

1325 2095 1485 2128 '‘m-7

1372 2254 1435 2314 XV.

1190 2408 1342 2470 CONTRA
1365 2411 1618 2484 ALclrsslADlllb

1202 2507 1244 2554 oe
1260 2507 1427 2556 nasearau
1444 2509 1596 2558 arrurrau.

1042 2641 1173 2704 Equidem,
1188 2641 1294 2704 judices,
1312 2643 1336 2692 et
1354 2655 1398 2692 ros
1408 2657 1451 2692 oro
1463 2641 1491 2692 rit
1509 2657 1564 2706 quae
1574 2645 1638 2705 iuste
1652 2647 1699 2696 ainl
1710 2648 1790 2698 decer·

1011 2729 1073 2780 natis
1079 2763 1087 2790 ,
1096 2731 1121 2779 et
1132 2731 1247 2792 strategos
1256 2743 1325 2792 rogo,
1333 2731 1375 2793 ut,
1385 2744 1462 2793 quum
1474 2731 1499 2780 in
1509 2733 1594 2781 ceteris
1602 2732 1674 2782 officii
1682 2736 1790 2796 partibus

1011 2818 1095 2866 utilem
1104 2815 1241 2880 reipublicae
1250 2829 1347 2880 operam
1355 2817 1518 2880 prestiterint,
1526 2819 1566 2867 ubi
1574 2819 1651 2880 egitur
1660 2820 1690 2870 de
1697 2821 1789 2872 deserta

1011 2904 1108 2965 militie,
1120 2917 1146 2954 ce
1157 2917 1232 2967 quum
1243 2905 1319 2954 actori
1329 2905 1382 2954 tum
1393 2919 1434 2954 reo
1448 2907 1553 2969 eeqrralas
1563 2907 1685 2969 prebeant
1692 2944 1700 2970 ,
1712 2923 1790 2972 neque

1011 2991 1098 3054 quibus
1109 2991 1183 3041 libeat
1196 2991 1354 3056 opitulantes,
1367 2992 1434 3042 amni
1449 2991 1528 3042 studio
1537 2992 1562 3042 id
1574 2993 1696 3043 enituntur
1708 2997 1736 3045 ut
1746 3009 1790 3046 τοι

1010 3079 1094 3127 contre
1101 3077 1141 3138 jus
1148 3079 1267 3129 statuatis.
1300 3079 1334 3142 (2)
1344 3079 1414 3138 Quod
1425 3092 1469 3129 ros
1479 3093 1510 3129 ne
1521 3079 1611 3130 iacietis
1621 3081 1707 3144 velim,
1717 3090 1790 3145 repu-

1010 3165 1088 3215 tantes
1096 3165 1161 3228 quod
1173 3165 1268 3228 indigne
1281 3165 1374 3216 terretis
1383 3167 1404 3216 si
1412 3166 1595 3230 tbeemotbctne,
1609 3167 1669 3219 dum
1679 3168 1710 3219 de
1720 3169 1790 3220 vobis

1011 3253 1132 3317 inquisitio
1141 3253 1252 3317 babetur,
1261 3253 1407 3317 prodeuntes
1416 3267 1460 3304 vos
1471 3257 1568 3305 orarent
1579 3258 1607 3304 ut
1619 3256 1790 3308 condemnere·

1011 3341 1055 3402 tia;
1073 3340 1099 3390 id
1110 3339 1220 3404 iniquum
1237 3353 1287 3391 cese
1303 3341 1363 3404 reli,
1376 3343 1404 3392 ui
1421 3343 1464 3404 qul
1483 3343 1602 3394 actionem
1620 3343 1750 3395 instituunt
1764 3347 1789 3397 et

1011 3427 1120 3478 dividunt
1132 3428 1251 3490 calculos,
1261 3428 1488 3491 hortenturjudicee
1498 3431 1526 3480 ut
1535 3429 1600 3480 irene
1613 3431 1787 3495 condemnem,

1012 3513 1081 3563 illum
1090 3513 1224 3564 absolvent.
1256 3515 1290 3577 (3)
1302 3519 1507 3573 Quaenameutem
1516 3517 1609 3579 turpior
1622 3519 1786 3584 cousuetudo,

1011 3600 1132 3665 quodnam
1144 3601 1237 3652 lacinus
1245 3601 1370 3666 indignum
1384 3603 1459 3666 megia
1467 3604 1493 3653 in
1503 3604 1624 3668 republica
1635 3609 1714 3668 posset
1723 3608 1787 3657 acci·

1010 3687 1080 3751 dere,
1090 3701 1164 3752 quam
1177 3690 1198 3739 si
1209 3690 1300 3742 archon
1310 3691 1335 3740 in
1344 3691 1488 3754 pupillarum
1503 3692 1580 3742 caeeis
1591 3691 1684 3754 jndices
1691 3695 1790 3746 auderet

1011 3775 1124 3826 obtestari
1132 3778 1161 3826 ut
1171 3775 1202 3827 ad
1211 3777 1284 3839 ipsius
1299 3777 1445 3828 voluntatem
1455 3791 1494 3828 res
1504 3778 1672 3842 procederent;
1686 3783 1790 3845 quamsi

1010 3863 1177 3926 polemarehus
1185 3865 1210 3914 et
1222 3863 1393 3927 undecimriri,
1404 3864 1429 3914 in
1440 3866 1575 3917 actionibus
1590 3868 1704 3932 quesipsl
1717 3869 1789 3920 ludu·

1011 3958 1083 4020 cunt,
1092 3958 1238 4020 supplicent,
1257 3957 1293 4007 uti
1304 3971 1370 4007 nune
1383 3958 1435 4008 lreri
1445 3958 1532 4008 rideo?
1564 3959 1598 4022 (t)
1609 3961 1709 4022 oportet
1718 3961 1790 4023 igitur

1012 4053 1074 4102 utet
1086 4051 1117 4101 de
1134 4050 1203 4101 robis
1214 4051 1278 4101 idern
1293 4052 1414 4112 sentiatis,
1430 4053 1561 4115 cogitantes
1571 4053 1637 4116 quod
1654 4065 1733 4116 neque
1747 4066 1791 4105 ros

1012 4137 1106 4187 decebit
1123 4136 1235 4200 privatim
1250 4136 1351 4187 deserte
1362 4137 1454 4187 militie
1474 4139 1521 4188 reis
1538 4138 1696 4200 petrocinarl,
1713 4152 1792 4202 neque

1012 4231 1055 4280 hos
1063 4230 1126 4292 ipsos
1134 4230 1177 4292 qui
1189 4229 1295 4280 calculos
1311 4229 1379 4279 vobis
1387 4228 1512 4291 dividunt,
1525 4243 1569 4292 pro
1580 4230 1609 4280 iis
1620 4229 1685 4292 opud
1699 4244 1743 4281 roe
1756 4232 1789 4280 in·

1011 4324 1139 4375 tercederu.
1171 4325 1205 4384 (5)
1222 4322 1376 4373 considerate
1394 4325 1490 4386 autern,
1507 4323 1614 4386 judices,
1640 4326 1722 4374 utrum
1745 4327 1790 4376 lanc

1012 4432 1055 4484 pro
1064 4419 1150 4468 idoneo
1163 4419 1303 4479 argumento
1319 4416 1349 4466 sil
1360 4414 1510 4475 babendum,
1526 4415 1590 4466 unde
1602 4417 1695 4467 conciet
1713 4419 1788 4468 nerni-

1012 4527 1067 4564 nem
1077 4512 1178 4573 dueum,
1188 4511 1231 4574 qui
1240 4497 1357 4575 nune'pro
1368 4509 1492 4560 Alcibiade
1503 4510 1669 4571 contendunt,
1680 4512 1723 4562 illo
1733 4515 1780 4563 tent

1012 4621 1070 4671 pore
1078 4620 1128 4670 quo
1139 4605 1163 4654 in
1176 4603 1259 4655 rastris
1268 4605 1348 4654 adbuc
1362 4605 1444 4666 crant,
1454 4604 1480 4654 in
1492 4606 1600 4655 levorem
1617 4605 1669 4667 eius
1680 4607 1789 4658 concilia·

1011 4707 1064 4755 tum
1077 4700 1157 4750 luisse.
1170 4703 1233 4750 Vere
1245 4699 1309 4748 enim
1325 4711 1352 4748 ee
1364 4697 1383 4747 si
1393 4699 1486 4761 essent,
1499 4711 1554 4760 que
1566 4711 1632 4749 nunc
1644 4699 1677 4750 illi
1686 4699 1790 4763 iactent,

1012 4793 1137 4858 oportebat
1148 4806 1189 4843 eoa
1207 4790 1359 4854 Pamphilum
1377 4791 1401 4839 iu
1415 4790 1455 4852 jus
1466 4803 1553 4842 vacere
1569 4792 1648 4855 quod,
1666 4792 1792 4846 alcibiadis

1012 4901 1075 4950 equo
1094 4885 1218 4948 adempto,
1238 4883 1411 4947 rempublicam
1431 4885 1512 4947 equite
1534 4884 1645 4946 ornarem
1667 4887 1792 4949 oportebat

1011 4979 1143 5045 phylarcho
1162 4979 1277 5029 mulctum
1292 4980 1405 5041 irrogasse
1410 5013 1419 5042 ,
1430 4977 1495 5041 quod
1511 4977 1656 5029 Alcibiadem
1670 4992 1700 5029 ex
1709 4980 1793 5030 ordino

1012 5075 1123 5139 ejiciens,
1146 5075 1251 5137 ipsorum
1275 5072 1452 5136 dispositionem
1479 5071 1569 5121 irritam
1593 5071 1697 5132 (στατοῖς
1719 5087 1790 5135 opor·

188 5175 240 5230 τῶν
259 5173 373 5231 ὁπλιτῶν
394 5171 552 5250 καταλόγου.
610 5169 642 5248 (ε)
659 5172 715 5229 Νῦν
735 5168 762 5228 δὲ
784 5167 880 5228 τούτων
895 5167 968 5229 οὐδὲν
1011 5169 1078 5220 tebet
1097 5168 1221 5219 texiaacbo
1243 5167 1367 5218 maudnase
1384 5169 1411 5217 ut
1428 5165 1564 5229 epeditum
1584 5178 1686 5214 numero
1705 5179 1792 5215 nonren

190 5258 325 5336 ἐποίησαν,
337 5259 397 5319 ἀλλ’
406 5262 432 5319 έν
448 5258 495 5338 μέν
515 5258 736 5341 τῷστρατοπέδῳ
754 5255 903 5338 περιεώρων
921 5259 966 5316 αὖε

1012 5265 1080 5314 istius
1091 5264 1208 5314 moueret.
1242 5262 1276 5325 (6)
1286 5265 1340 5312 lem
1354 5273 1411 5312 vero
1424 5259 1483 5310 nibil
1497 5258 1585 5308 berem
1596 5253 1719 5312 lecerunt3
1733 5251 1792 5301 utin
