4110 6148
153 588 293 665 (aar-nn
681 585 803 649 susim
825 588 887 648 on.
914 589 964 648 un
983 587 1206 650 nuruuumr.
1691 595 1745 648 aas

151 715 362 778 ταδουλῶσεσθαί
373 741 416 797 γε,
431 717 475 777 ἐὰν
490 715 517 776 δὲ
529 717 675 792 ἡττηθῶσι,
690 725 755 798 σράς
769 713 860 785 αὐτοὺς
874 717 925 777 τῶν
971 722 1747 789 Ιιιωιιοπνίᾶοείυε,εἰνίυοοοί,οοουοπεοθίςαεοίιιεοτνίθυίαως

151 806 320 889 ὑπαρχόντων
340 808 445 885 ἀγαθῶν
462 808 649 886 ἀποστερῆσαι·
667 803 721 886 ὅσῳ
735 804 757 862 δ’
771 803 803 864 ἂν
820 803 925 883 ἀμιινον
970 814 1246 877 οθείνθοικυίυε,θοοίε
1259 814 1308 864 suis
1318 827 1343 864 se
1360 814 1424 878 ipsos
1432 811 1544 876 metiari:
1559 812 1650 875 quanto
1665 813 1747 862 autem

150 895 297 977 πράττωσι,
307 893 421 974 τοσούτῳ
433 886 533 974 [ἧττον]
543 895 696 970 ἐπιθυμοῦσι
706 891 871 954 κινδυνεύειν.
892 894 925 972 (ν)
970 903 1056 952 melius
1069 915 1106 953 res
1117 903 1219 966 gemnt,
1230 903 1298 952 tantu
1311 901 1390 951 minus
1403 901 1502 964 eupiunt
1510 897 1646 962 periclitari.
1658 899 1691 962 (s)
1701 903 1747 950 Εο-

151 983 265 1064 Είχομεν
276 982 313 1054 δέ,
323 973 345 1041 ῶ
357 979 547 1054 Ἆθηναῖοι,καδ
558 984 633 1054 ἡμεῖς
647 978 743 1052 ταύτην
750 979 798 1051 τὴν
810 981 926 1058 γνώμην,
970 987 1025 1038 dem
1032 990 1057 1039 et
1065 1001 1186 1039 nossensu
1196 987 1325 1052 aliquande
1343 989 1441 1040 animati
1458 989 1559 1050 inimus,
1578 988 1747 1052 Athenienses,

116 1087 130 1125 ε
151 1071 193 1131 ὅτε
205 1074 257 1130 τῶν
269 1069 405 1143 Ἐλλήνων
416 1068 542 1149 ἤρχομεν,
555 1067 600 1126 καὶ
613 1068 751 1145 ἐδοκοῦμεν
763 1069 849 1135 καλῶς
865 1071 925 1148 βου·
971 1091 1047 1141 quum
1056 1077 1216 1141 principatum
1226 1079 1365 1128 Gruterum
1379 1077 1534 1140 haberemus;
1544 1079 1569 1126 et
1579 1076 1604 1126 id
1614 1077 1680 1127 reeta
1691 1089 1748 1128 unn-

150 1159 271 1220 λειίεσθαι
287 1161 454 1238 περιορῶντες
472 1155 519 1233 μὲν
532 1155 584 1227 ,τλν
597 1153 687 1236 χῶραν
706 1155 876 1232 τεμνομένην,
897 1160 926 1216 οὔ
970 1164 1747 1229 suiereuideharnur,qu0dregionemnostramsineremusmstari‚

151 1245 296 1325 νομίζοντες
306 1245 333 1304 δὲ
344 1247 440 1325 χρῆναι
448 1243 506 1324 περί
517 1245 594 1314 αὐτῆς
606 1240 791 1322 διαμάχεσθαι·
798 1241 867 1310 ἀξιον
875 1241 926 1324 γὰρ
970 1268 1015 1305 που
1023 1255 1162 1316 putaremus
1174 1266 1218 1316 pre
1229 1266 1257 1303 ea
1264 1266 1314 1304 esse
1322 1253 1515 1316 depugnandum.
1525 1256 1634 1317 Namque
1642 1263 1685 1316 par
1696 1255 1748 1304 erat

152 1327 182 1406 ἦν
194 1333 287 1412 ὀλίγων
300 1332 460 1409 ἀμελοῦντας
470 1330 574 1388 πολλῶν
588 1331 692 1407 ἀγαθῶν
704 1329 849 1408 φείσασθαι.
871 1332 926 1390 Νῦν
970 1355 1047 1405 pauca
1055 1342 1080 1393 et
1089 1354 1164 1405 parua
1172 1341 1420 1404 negligentss,multia
1428 1343 1453 1391 et
1462 1341 1553 1404 magnis
1562 1339 1631 1390 honis
1639 1353 1745 1404 paruere.

152 1423 181 1482 δέ
187 1471 196 1497 ,
208 1420 264 1480 ἐπεί
278 1417 382 1479 ἐκείνων
395 1416 442 1496 μὲν
455 1415 577 1475 ἁπάντων
592 1414 666 1494 μάχγ,
682 1415 842 1496 ἐστερήμεθα
849 1464 857 1491 ,
869 1421 885 1488 ἡ
898 1417 926 1476 δὲ
970 1431 1026 1480 iam
1043 1442 1101 1480 vem
1114 1444 1189 1494 quum
1205 1429 1252 1480 titis
1270 1429 1382 1480 omnihus
1399 1431 1492 1493 spoliati
1510 1429 1626 1480 fuerimus
1640 1443 1683 1493 per
1701 1443 1746 1494 pu·

114 1535 140 1574 rn
152 1511 244 1592 πατρὶς
255 1511 318 1583 ἡμῖν
330 1507 472 1580 λέλειπται,
482 1503 557 1582 ἴσμεν
568 1503 607 1563 ὅτι
618 1502 758 1571 θαίνδυνος
766 1497 838 1572 οὗτος
850 1505 926 1581 μόνος
970 1531 1055 1582 gnam,
1067 1520 1091 1568 et
1099 1520 1149 1568 sola
1158 1517 1227 1568 nohis
1236 1521 1312 1582 patrm
1322 1519 1405 1570 τείνειεν
1413 1521 1457 1580 art,
1469 1530 1558 1568 animus
1566 1517 1616 1568 seio
1628 1517 1746 1568 beliorum

152 1597 259 1678 ἔχαῑτθς
269 1595 428 1664 ἐλπίδαςτῆι
437 1591 574 1673 σωτηρίας·
587 1591 632 1674 (1⁰)
644 1589 722 1650 Ἇδλθ
732 1591 782 1673 γὰρ
794 1591 846 1672 χρὴ
862 1595 925 1652 ἂνα-
970 1606 1077 1669 periculo
1097 1617 1193 1657 omnem
1213 1607 1296 1656 salutis
1313 1620 1379 1670 spem
1395 1605 1518 1656 mntiueri.
1566 1603 1674 1667 (to)sed
1683 1605 1746 1656 enim

152 1685 309 1762 μνησθέντας
320 1681 359 1742 ὅτι
368 1682 418 1754 ἤδη
430 1679 475 1739 καί
484 1679 579 1759 ἑτέροις
592 1677 769 1754 ἀδικουμένοις
783 1680 926 1759 βυηθήσαν-
970 1693 1063 1755 oportet
1070 1693 1220 1744 recordantes
1226 1694 1290 1757 quod
1304 1694 1362 1746 elim
1375 1693 1447 1744 etiam
1465 1693 1517 1742 aliis
1532 1693 1693 1744 sussurrendo
1708 1693 1746 1744 in·

150 1796 191 1840 τες
204 1775 231 1832 ἐν
243 1777 275 1852 τῇ
287 1769 410 1851 ἀλλοτρίᾳ
421 1766 506 1826 πολλδι
515 1765 628 1848 τρόπαια
641 1769 693 1824 τῶν
704 1767 836 1844 πολεμίων
847 1768 925 1839 ἀστή·
968 1779 1032 1841 juris
1040 1780 1144 1841 attentis,
1157 1780 1181 1830 in
1192 1783 1256 1830 terra
1268 1781 1398 1844 alienigena
1409 1781 1486 1831 muita
1494 1782 1585 1843 tropea
1593 1780 1624 1830 (te
1637 1781 1747 1833 hostibus

152 1885 243 1938 σαμεν,
264 1859 358 1938 ἄνδρας
375 1855 484 1934 ἀγαθοὺς
502 1853 563 1936 περί
581 1858 626 1926 τῆς
645 1853 767 1936 πατρίδος
787 1855 831 1913 καλ
851 1859 925 1931 ἡμῶν
970 1866 1131 1929 erexerimus,
1152 1879 1218 1916 nune
1233 1867 1298 1917 uirus
1311 1881 1356 1917 nus
1373 1868 1481 1930 praehere
1495 1867 1555 1916 duna
1574 1867 1707 1930 propatria
1721 1869 1747 1918 at
1766 1929 1769 1938 Ι

112 1971 136 2008 rs
151 1952 236 2008 αὐτῶν
250 1947 379 2028 γίνεσθαι,
393 1941 561 2010 πιστεύοντες
574 1939 622 2019 μίν
640 1949 693 2009 τοῖς
708 1945 773 2010 θεοῖς
792 1942 836 2001 καί
852 1943 926 2002 ίλπί·
970 1968 1014 2018 pro
1025 1953 1198 2017 nobismetipsis
1207 1955 1339 2016 certamus,
1352 1953 1397 2006 diis
1405 1953 1566 2017 confidentes,
1578 1955 1746 2018 sperantesque

151 2041 240 2106 ζοντας
249 2033 278 2094 τδ
288 2033 388 2095 δίκαιον
402 2029 470 2108 μετὰ
484 2033 537 2089 τῶν
553 2027 729 2107 ἀδικουμένων
742 2029 855 2094 ἔσεσθαι.
880 2032 924 2111 (ιι)
968 2041 1086 2103 justitiam
1103 2055 1159 2091 eum
1171 2042 1264 2092 εθοοίίε
1273 2041 1362 2104 iniuria
1376 2041 1541 2092 militaturam.
1560 2041 1609 2105 tit)
1628 2041 1745 2094 teerhum

152 2123 239 2186 Δεινδν
250 2122 301 2206 γάρ
315 2119 406 2193 ἀνείη,
417 2109 439 2178 ὦ
451 2118 594 2190 Ἀθηναῖοι,
604 2119 640 2190 εί,
651 2114 694 2174 ὅτε
707 2114 753 2193 μὲν
768 2118 925 2197 ἐφεύγομεν,
970 2129 1034 2180 enim
1052 2131 1127 2192 esset,
1146 2129 1313 2191 Athenienses,
1329 2130 1349 2180 si
1369 2141 1414 2179 nos
1430 2127 1473 2191 qui
1489 2130 1613 2180 exulantes
1629 2130 1745 2193 pugnavi·

152 2211 305 2292 ἒμαχόμεθιι
327 2203 540 2283 Λακεδαιμονίοις
546 2248 554 2277 ,
568 2202 611 2262 ίνα
629 2205 809 2283 κατέλθωμεν,
830 2206 926 2264 κατελ-
971 2231 1025 2267 mus
1034 2218 1117 2266 eontra
1127 2213 1544 2278 nsmtameateenrreverterenur,
1554 2216 1643 2267 reversi
1657 2217 1745 2267 iterum

151 2299 235 2365 θόντες
250 2295 276 2357 δί
289 2294 446 2378 φευξόμεθα,
458 2289 502 2350 ίνοι
514 2289 551 2369 μὴ
563 2289 720 2370 μαχώμεθα.
765 2293 869 2353 Οὐκοῦν
884 2295 927 2351 αἷ-
971 2303 1102 2355 inexilium
1111 2318 1218 2370 agamur,
1227 2317 1260 2354 na
1271 2315 1374 2368 pugnarn
1384 2304 1569 2354 committamus.
1582 2307 1665 2356 tienne
1674 2304 1747 2369 igitur

151 2386 232 2467 οχρδν
241 2388 264 2445 εί
280 2387 315 2454 εἰς
326 2389 402 2442 τοῦτο
416 2379 509 2447 κακίας
518 2378 623 2456 ἥξομεν,
635 2376 704 2440 ὥστε
712 2381 736 2439 οἱ
747 2379 794 2457 μίν
806 2381 926 2462 πρόγονοι
970 2395 1040 2457 turpe
1049 2392 1094 2444 erit
1104 2394 1199 2443 tantum
1215 2403 1259 2442 nes
1271 2391 1375 2442 θοθεοιιε
1383 2391 1517 2454 admittere,
1528 2393 1570 2455 ut,
1580 2405 1656 2456 quum
1668 2392 1746 2454 main·

152 2475 197 2534 κοιλ
206 2471 270 2553 θπδρ
283 2475 329 2545 τῆς
337 2471 389 2529 τῶν
400 2469 486 2527 ἄλλοιν
500 2465 644 2546 ἐλευθερίας
654 2465 792 2538 Ἑλλήνων
801 2465 926 2525 διεκινδύ·
971 2495 1008 2532 res
1021 2479 1093 2531 uestri
1111 2481 1184 2530 ettam
1203 2493 1247 2543 pm
1257 2479 1360 2529 aliorum
1373 2483 1514 2530 (iraeneum
1530 2479 1641 2531 libertate
1653 2493 1744 2544 pugna·

115 2583 232 2637 ιονιυον,
245 2554 427 2639 tennemonn
444 2551 510 2637 θπδρ
518 2555 565 2626 τῆς
578 2553 703 2636 ὓμιτὲραι
716 2553 800 2614 αὗτῶν
811 2555 926 2632 τολμᾶτε
970 2570 1061 2632 verint,
1080 2581 1124 2618 vos
1152 2567 1294 2632 prunestre
1317 2567 1425 2629 ipsorum
1452 2577 1559 2631 pugnare
1587 2580 1637 2618 non
1656 2567 1746 2620 audes-

153 2649 386 2728 πολεμιῖνς....
970 2658 1087 2708 tisi....
