4230 6146
501 508 507 520 ·
609 477 732 540 LYSIAE
752 478 902 540 cottana
923 480 1145 542 calcassem
1165 485 1396 547 PERORATIO.
1747 507 1803 558 aaa

209 639 259 693 σιν,
273 613 291 686 ἢ
307 607 522 689 ἀπολογουμένων
537 608 574 686 μὴ
587 607 753 679 ἐθελήσαντες
766 611 889 681 ἀκοῦσαι,
904 632 985 668 κατα·
1029 621 1147 683 supplicio
1161 623 1301 688 affeceritis,
1318 638 1359 676 cos
1372 627 1515 689 injudicatos
1527 631 1635 694 periisse,
1653 632 1693 682 sed
1710 637 1806 688 meritae

168 730 195 770 ες
208 701 386 786 ψηφισάμενοι
399 700 450 757 τῶν
464 695 584 777 ἐσχάτων
595 695 748 773 τιμήσαιτε,
764 698 810 755 οόκ
824 695 855 754 ἀν
869 698 986 777 ἀκρίτους
1030 729 1113 778 poems
1123 717 1228 769 subiisse.
1241 721 1295 770 Non
1304 721 1367 771 enim
1376 722 1392 771 ii
1402 721 1526 784 injudicati
1535 723 1616 774 baberi
1627 731 1739 788 possunt,
1749 744 1807 793 que·

211 788 302 857 αὐτοὺς
316 784 494 862 ἀποθωθίίθίι
512 783 579 844 ἀλλὰ
595 781 644 855 θ’θ’
659 782 840 862 προσήκουσαν
853 784 927 856 δίκην
941 786 986 842 ⁸²·
1030 825 1085 860 rum
1095 811 1188 875 flagitiis
1200 815 1344 878 compertis,
1356 829 1401 866 uos
1418 817 1484 868 leriis
1497 819 1652 882 sententiam,
1665 823 1707 872 sed
1723 825 1763 886 qui
1777 825 1808 875 ab

211 480 359 563 ιιι-ω

211 877 331 938 δωκέναι.
373 876 415 935 Οὐ
426 875 476 952 γάρ
490 863 558 931 οὑτοι
571 870 812 950 supersitionum
824 861 859 929 ῶν
872 869 903 928 ἀν
915 872 988 948 ὑμεῖς

211 966 305 1034 εἰδότες
317 963 351 1022 τὰ
365 959 515 1042 πραχθέντα
534 957 699 1040 ψηφίσησθε,
712 959 769 1016 ἀλλ’
783 954 871 1023 οἵτινες
890 954 921 1016 ἀν
936 955 987 1015 ὑπό

211 1059 262 1114 τῶν
270 1056 369 1134 ἐχθρῶν
380 1045 557 1120 διαὺληθέντες
566 1045 626 1124 περί
635 1037 672 1104 ῶν
684 1049 756 1122 ὑμεῖς
769 1041 805 1122 μή
815 1043 881 1121 ἴστε,
892 1043 988 1124 ἀκροά-

212 1167 277 1208 σεως
291 1138 328 1219 μή
342 1137 451 1217 τύχωσι.
482 1132 589 1195 Τούτων
602 1132 628 1191 δέ
642 1133 675 1191 τά
688 1132 734 1209 μὲν
747 1131 891 1210 πράγματα
904 1153 986 1204 κατη·

212 1231 297 1312 γορεῖ,
318 1231 394 1304 ἡμεῖς
407 1222 434 1282 δέ
447 1225 715 1302 καταμαρτυροῦμεν·
756 1219 789 1295 (υ)
805 1219 850 1278 καί
868 1221 989 1278 οὔτοῦτο

172 1341 199 1381 se
213 1317 329 1391 δέδοικα,
348 1317 382 1379 ιὺς
401 1309 445 1372 aar
461 1312 589 1388 ἀκροᾶσθε
608 1310 692 1365 αὑτῶν
711 1309 912 1388 ἀποψηφιεῖσθε·
928 1306 987 1362 ἀλλ’

212 1408 259 1465 οὐκ
270 1401 302 1462 ἀν
310 1405 424 1480 ἡγοῦμαι
437 1395 527 1463 αὐτοὺς
536 1395 609 1466 δίκην
620 1393 693 1462 ἀξίαν
703 1394 851 1471 δεδωκέναι,
864 1396 887 1452 εί
897 1397 989 1474 ἀκροα·

214 1491 321 1568 σάμενοι
341 1489 424 1545 αὐτῶν
443 1481 680 1562 καταψηφίσαισθε.
714 1483 776 1548 Πῶς
789 1470 885 1560 γάρ,ῶ
898 1480 988 1560 ἄνδρες

214 1573 347 1648 δικασταί,
360 1564 396 1640 οἶς
410 1570 469 1631 οάδέ
480 1567 563 1628 estet
576 1567 621 1626 καί
635 1571 696 1645 ὑμῖν
708 1569 848 1649 συμφέρει,
861 1557 930 1626 οὑτοι
941 1567 988 1644 μέν

213 1666 264 1746 γάρ
282 1667 309 1723 ἐν
322 1666 359 1743 τῷ
373 1658 481 1739 πολέμῳ
500 1659 530 1715 ἐκ
541 1653 659 1727 πενήτων
673 1655 792 1718 πλούσιοι
805 1653 939 1734 γεγόνασιν
959 1657 988 1714 ἐκ

213 1757 264 1812 τῶν
272 1750 412 1828 ὑμετέροιν,
422 1750 495 1822 ὑμεῖς
504 1743 532 1802 δέ
539 1741 582 1802 διά
589 1741 695 1808 τούτους
705 1740 819 1815 πένητες.
861 1743 871 1820 ί
876 1741 909 1822 ιο)
922 1743 988 1802 Καί-

212 1840 291 1898 τοιού
305 1841 388 1896 ταῦτα
406 1835 508 1912 ἀγαθῶν
523 1831 687 1907 δημαγωγῶν
700 1831 770 1900 ἐστι,
785 1827 820 1886 τά
833 1827 944 1909 ὑμέτερα
961 1833 988 1888 ἐν

213 1929 269 1992 ταῖς
280 1920 416 2001 ὑμετέραις
431 1924 575 1998 συμφοραῖς
588 1913 743 1991 λαμὺάνειν,
757 1913 825 1974 ἀλλά
841 1915 874 1973 τάι
888 1920 988 1975 ἑαυτῶν

173 2029 200 2068 aa
214 2012 274 2087 ὑμῖν
288 2008 394 2068 διδόναι.
437 2004 490 2065 Καὶ
503 2004 554 2081 γάρ
568 2025 608 2061 τοι
622 2005 657 2069 είς
666 2007 786 2060 τοσοῦτον
803 2001 911 2079 ἥκομεν,
924 2001 986 2062 ὥσθ’

213 2097 238 2157 οῖ
255 2095 379 2177 πρότερον
392 2097 418 2152 ἐν
435 2097 467 2173 τῆ
488 2089 575 2170 εῖρήνη
597 2089 655 2148 οὐδὲ
678 2097 744 2164 σφᾶς
761 2089 850 2156 αὐτοῦς
869 2089 989 2148 ἐδύναντο

212 2184 322 2264 τρέφειν,
340 2187 385 2239 νῦν
399 2182 459 2256 ὑμῖν
481 2175 600 2257 εἶσφοράς
619 2174 763 2256 εἰσφέρουσι
782 2174 827 2234 καί
846 2181 990 2256 χορηγοῦσι

212 2272 257 2332 καί
270 2269 351 2336 οἰκίας
360 2266 476 2346 μεγάλας
487 2267 597 2326 οἰκοῦσι.
648 2267 691 2341 (ιι)
706 2262 800 2324 Καίτοι
812 2263 907 2342 ἑτέροις
917 2267 989 2340 ὑμεῖς

213 2359 280 2418 ἐστιν
291 2356 333 2416 ότι
344 2355 379 2415 ed
388 2357 498 2434 πατρῷα
514 2350 680 2427 κεκτημένοις
692 2356 774 2409 ταῦτα
786 2355 902 2409 ποιοῦσιν
917 2352 989 2431 ἐφθο·

213 2451 292 2505 νεῖτε·
309 2431 353 2504 νῦν
365 2443 386 2502 δ’
401 2435 481 2508 οὑτως
493 2444 511 2511 ἡ
525 2440 600 2506 πολις
613 2438 755 2514 διάκειται,
771 2437 840 2495 ὥστε
855 2436 941 2495 οὐκέτι
953 2428 989 2495 ῶν

214 2527 283 2595 οὑτοι
295 2531 447 2593 κλέπτουσιν
469 2529 611 2609 ὀργίζεσθε,
626 2528 684 2585 ἀλλ’
706 2517 741 2584 ῶν
756 2525 829 2584 αὐτοί
842 2523 990 2603 λαμὺιίνετε

174 2648 202 2688 io
212 2622 289 2704 χάριν
296 2620 366 2692 ἴστε,
376 2617 463 2694 ῶσπερ
473 2619 546 2692 ὑμεῖς
555 2613 691 2673 τάτσύτων
701 2617 922 2693 μισθοφοροῦντες,
930 2613 990 2669 ἀλλ’

213 2712 241 2769 οὑ
252 2707 348 2767 τούτων
357 2704 391 2764 πθ
402 2693 696 2784 ὑμέτερακλεπτόντων.
726 2701 783 2779 ’(ιε)
797 2699 837 2760 Τὸ
848 2697 875 2757 δέ
885 2697 989 2758 πάντων

214 2793 431 2876 ὑπερφυέστατον,
440 2789 480 2848 ὀτι
491 2792 517 2847 ἐν
529 2788 574 2866 μὲν
584 2789 637 2855 τοῖς
651 2785 723 2853 ίδίοις
734 2789 758 2844 σί
770 2783 933 2862 ἀδικούμενοι
945 2786 990 2843 δα·

212 2883 318 2964 κρύουσι
331 2879 376 2941 καί
391 2876 496 2938 ἐλεεινοί
510 2878 584 2946 εἰσιν,
598 2878 624 2933 ἐν
639 2872 666 2932 δὲ
679 2875 731 2941 τοῖς
751 2872 883 2950 δημοσίοις
896 2876 919 2931 οί
942 2870 990 2949 μέν

214 2973 360 3035 ἀδικοῦντες
374 2963 493 3037 ἐλεεινοί,
502 2967 574 3040 ὑμεῖς
586 2964 609 3020 δ’
618 2965 641 3021 οί
652 2957 814 3036 ἀδικούμενοι
826 2955 932 3020 ἐλεεῖτε.
942 2957 988 3018 καί

213 3063 257 3118 νῦν
269 3056 330 3122 ίσως
341 3052 492 3125 ποιήσουσιν
504 3049 570 3130 άπερ
580 3047 757 3128 καὶπρότερον
767 3037 833 3118 ἦσαν
844 3045 990 3122 εἰθισμένοι,

215 3145 259 3204 καί
278 3141 390 3220 δημόται
407 3139 452 3198 καλ
467 3137 537 3218 φίλοι
560 3135 691 3202 κλαίοντες
704 3132 881 3203 ἐξαιτήσονται
899 3132 990 3200 αότοὺς

215 3238 277 3315 παρ’
291 3237 372 3310 ὑμῶν.
387 3229 432 3312 (aa)
444 3225 517 3306 Ἐγάι
524 3225 545 3284 δ’
555 3224 635 3290 οὑτως
644 3223 706 3293 ἀξιῶ
713 3221 840 3302 γενέσθαι·
850 3223 872 3279 εί
883 3219 929 3298 μέν
938 3223 992 3280 ἀδι-

167 3330 271 3382 Ιῖθκεῖν
280 3315 387 3385 τούτους
403 3315 483 3392 μηδέν
497 3310 653 3388 νομίζουσιν,
666 3308 850 3378 ἀποδείξαντας
864 3311 897 3374 ὡς
909 3309 990 3388 ψευδῆ

215 3409 249 3468 τά
262 3403 477 3487 κατηγορημένα,
490 3399 557 3458 οὑτω
570 3398 666 3458 πείθειν
682 3401 748 3475 ὑμᾶς
767 3393 990 3475 ἀποψηφίσασθαι·

216 3501 239 3557 εί
250 3497 277 3556 δέ
286 3495 437 3572 νομίσαντες
446 3491 543 3549 ἀδικεῖν
554 3485 720 3561 αἰτήσονται,
730 3485 807 3556 δῆλον
820 3481 860 3541 ὅτι
868 3489 921 3549 τοῖς
935 3483 990 3539 aar·

216 3591 304 3646 κοῦσιν
316 3577 475 3658 εὐνούστεροί
487 3579 550 3635 εἰσιν
560 3571 577 3646 ἢ
589 3574 649 3649 ὑμῖν
659 3580 712 3638 τοῖς
725 3568 915 3646 ἀδικουμένοις,
929 3565 991 3626 ὥστ’

217 3675 246 3732 ού
260 3670 367 3752 χάριτος
381 3665 446 3736 άξιοι
464 3672 551 3744 τυχεῖν
569 3660 638 3721 ἀλλά
650 3657 791 3739 τιμωρίας,
810 3654 906 3714 ὁπόταν
921 3657 993 3731 ὑμεῖς

217 3759 336 3831 δύνησθε.
380 3756 423 3832 (il)
435 3751 499 3812 Ἔτι
515 3749 542 3809 δέ
560 3748 619 3815 τοὺς
639 3745 730 3814 αὐτούς
746 3747 865 3822 ἡγεῖσθαι
878 3739 930 3822 χρὴ
949 3740 993 3799 καί

185 3869 197 3906 e
217 3849 268 3906 τῶν
280 3843 431 3922 κατηγόρων
443 3839 542 3920 σφόδρα
554 3835 704 3907 δεήσεσθαι,
717 3832 864 3909 νομίζοντας
877 3827 944 3888 πολὺ
961 3827 993 3886 ἂν

217 3940 309 3994 θᾶττον
321 3931 382 4012 παρ’
394 3931 471 4005 ἡμῶν
480 3924 573 4001 ὀλίγων
582 3921 661 3982 ὀντων
670 3919 767 3991 ταύτην
777 3917 825 3989 τὴν
836 3916 914 3997 χάριν
926 3917 993 3989 λαμ-

218 4023 305 4081 ὑάνειν
321 4020 336 4090 ή
349 4019 411 4097 παρ’
428 4016 510 4091 ὑμῶν,
524 4009 562 4069 ἔτι
579 4008 606 4066 δέ
622 4011 682 4089 ῥᾷον
696 4005 789 4070 ἄλλους
802 4001 872 4070 τινάς
885 3999 918 4060 τά
929 3999 993 4078 ὑμέ·

217 4133 280 4190 τερα
296 4103 515 4186 καταχαρίζεσθαι
530 4097 547 4170 ἢ
562 4099 631 4174 ὑμᾶς
645 4091 738 4158 αὐτούς
753 4114 792 4169 γε.
835 4091 881 4166 (ιο)
901 4087 993 4166 Ἡμεῖς

219 4197 266 4275 μέν
275 4196 360 4255 τοίνυν
369 4195 415 4250 οὑκ
426 4185 590 4262 ἠθελήσαμεν
601 4183 753 4263 προδοῦναι,
766 4175 885 4252 ἀξιοῦμεν
895 4172 922 4232 δέ
933 4174 994 4251 μηδ’

219 4289 299 4362 ὑμᾶς,
314 4275 513 4358 ἐνθυμουμένους
523 4272 562 4332 ὅτι
576 4268 664 4352 σφόδρ’
681 4267 712 4326 ἀν
724 4265 787 4342 ἡμῖν
801 4261 937 4342 ὠργίζεσθε
949 4260 995 4319 καὶ

218 4373 395 4451 ἐτιμωρεῖσθε,
403 4365 467 4425 ὅπου
474 4358 683 4441 παρεπίπτομεν,
694 4358 728 4421 ὡς
735 4351 801 4418 εἰκὸς
810 4349 868 4416 τοὺς
878 4351 994 4407 ἀδικοῦν·

179 4479 204 4518 ao
218 4484 277 4534 τας,
291 4461 313 4517 εἰ
322 4462 397 4534 ἡμεῖς
408 4449 481 4533 παρά
491 4448 587 4508 τούτων
597 4444 614 4516 ή
625 4443 750 4524 χρήματα
761 4436 911 4507 λαὺόντεςή
924 4435 995 4514 ἄλλῳ

218 4547 268 4607 τινί
283 4545 372 4628 τρόπῳ
389 4538 577 4616 διηλλάγημεν.
619 4532 712 4595 Καίτοι
733 4532 755 4588 εί
769 4535 821 4595 τοῖς
838 4524 874 4604 μή
893 4523 996 4591 δικαίως

219 4635 360 4704 ἐπεξιοῦσιν
382 4628 527 4711 ὀργίζεσθε,
543 4616 561 4695 ή
579 4645 630 4682 που
644 4619 742 4701 σφόδρα
760 4615 812 4697 χρὴ
829 4612 920 4706 μὺτοὺς
938 4610 996 4679 τοῦς

220 4727 370 4786 ἀδικοῦντας
377 4716 557 4795 τιμωρεῖσθαι.
601 4711 645 4788 (ιο)
657 4711 712 4770 Νῦν
721 4703 815 4779 τοίνυν,
827 4707 849 4761 ὠ
859 4701 948 4779 ἄνδρες
958 4698 993 4756 δι·

219 4809 328 4884 κασταί,
348 4801 592 4886 καταψηφισάμενοι
613 4793 785 4876 Ἐπικράτους
804 4794 856 4848 τῶν
877 4785 996 4865 ἐσχάτων

219 4899 362 4968 τιμήσατε,
372 4893 417 4954 καί
430 4892 480 4970 μή,
493 4888 581 4966 ῶσπερ
592 4889 618 4944 ἐν
632 4889 670 4965 τῷ
681 4881 743 4947 τέως
756 4878 841 4958 χρόνῳ
858 4869 996 4949 εἰθισμένοι

221 4963 293 5058 ἐστέ,
311 4982 414 5044 ἐπειδάν
431 4972 677 5058 καταψηφισάμενοι
698 4965 845 5039 ἐξελέγξητε
866 4960 924 5028 τοὺς
939 4962 995 5017 ἀδι-

220 5079 344 5146 κοῦντας,
356 5071 383 5127 ἐν
399 5070 436 5145 τῷ
449 5063 581 5140 τιμήματι
597 5057 720 5134 ἀζημίους
733 5053 835 5134 ἀφίετε,
848 5049 953 5129 ἔχθραν,
967 5067 996 5102 ou

184 5175 207 5214 to
222 5159 295 5228 δίκην
314 5153 385 5234 πορθ
405 5156 456 5210 τῶν
471 5148 626 5207 ἀδικούντων
643 5141 834 5218 λαμὺοίνοντες,
848 5136 937 5214 ῶσπερ
951 5137 997 5191 τοῦ

223 5244 341 5318 ὀνείδους,
355 5244 413 5301 ἀλλ’
424 5241 452 5298 οὑ
463 5243 508 5310 τῆς
519 5234 613 5312 ζημίας
622 5232 706 5298 αὑτοῖς
718 5227 806 5307 μέλον,
818 5216 846 5286 εὑ
856 5223 949 5289 εἰδότες
958 5217 997 5279 dra

1030 905 1131 957 inimicis
1148 909 1255 959 infamati
1272 911 1386 961 derebus
1403 926 1463 974 quas
1474 927 1522 962 non
1533 914 1646 976 novistis,
1660 916 1691 964 ad
1711 931 1807 969 causam

1030 999 1155 1050 dicendam
1164 1015 1213 1051 non
1224 1001 1389 1054 admittantur.
1401 1008 1462 1056 lstos
1470 1020 1529 1056 rere
1538 1009 1596 1070 ipsae
1605 1021 1642 1058 res
1651 1011 1723 1072 gestae
1734 1025 1807 1062 acen-

1031 1097 1098 1156 saut,
1110 1109 1153 1146 nos
1163 1095 1281 1147 duntaxat
1289 1099 1453 1150 testimonium
1464 1100 1573 1152 dicimus.
1599 1103 1634 1166 (9)
1645 1107 1728 1168 licque
1736 1106 1760 1156 id
1769 1121 1808 1158 rs·

1032 1203 1085 1240 reor
1095 1203 1133 1253 ne,
1141 1191 1225 1242 siistes
1233 1193 1344 1256 audiatis,
1352 1193 1494 1258 absolvatis;
1504 1211 1588 1248 rernm
1597 1174 1751 1263 opinoripaes
1759 1217 1808 1254 non

1032 1287 1089 1337 satis
1096 1285 1173 1349 iustas
1184 1301 1267 1351 paenas
1275 1289 1409 1354 subituros,
1424 1292 1443 1342 si
1454 1291 1519 1343 dicta
1533 1307 1605 1345 causa
1616 1296 1808 1349 condemnaveri-

1031 1380 1070 1430 tis.
1103 1383 1428 1449 Quomodoenim,judices,
1441 1401 1488 1437 uon
1496 1389 1560 1449 iuste
1570 1390 1712 1452 punirentur
1721 1393 1809 1456 quibua

1032 1490 1080 1526 non
1090 1477 1152 1527 idem
1162 1477 1475 1543 quodrobisexpedittlsti
1484 1483 1679 1547 quippeinbello
1688 1500 1718 1537 ex
1731 1490 1809 1551 egenis

1031 1571 1118 1622 divites
1128 1576 1185 1622 sunl
1196 1573 1253 1623 tacti
1266 1587 1297 1624 ex
1312 1575 1397 1624 restris
1410 1575 1540 1637 reditibus3
1558 1590 1601 1627 res
1612 1581 1693 1628 autem
1711 1584 1809 1645 propter

1031 1665 1102 1727 istos,
1115 1665 1190 1729 egeni.
1222 1667 1272 1728 (la)
1284 1667 1314 1717 At
1326 1667 1390 1717 enim
1402 1681 1450 1717 non
1460 1668 1505 1718 boc
1517 1670 1552 1718 ast
1565 1671 1711 1732 optimorum
1727 1676 1809 1738 populi

1032 1757 1136 1821 ducum,
1149 1759 1174 1808 in
1191 1758 1277 1809 vestris
1290 1759 1467 1811 calamitatibus
1481 1763 1560 1812 rastra
1575 1765 1706 1827 surripere,
1722 1779 1808 1818 rernm

1033 1865 1077 1902 sua
1086 1851 1154 1901 robis
1165 1851 1293 1913 impertire·
1305 1852 1390 1914 ltaque
1402 1851 1427 1900 in
1441 1852 1464 1900 id
1477 1852 1619 1916 recidimus,
1631 1855 1659 1903 ut
1667 1855 1709 1917 qui
1718 1855 1775 1905 olim
1785 1858 1809 1907 in

1033 1959 1091 2010 pace
1103 1959 1129 1996 se
1137 1946 1200 2008 ipsos
1209 1945 1274 1995 alere
1283 1947 1457 2008 nequiverunt,
1468 1960 1533 1996 nunc
1544 1947 1633 1997 tributa
1642 1949 1711 1999 robis
1720 1951 1809 2012 persol-

1034 2042 1104 2102 rant,
1114 2039 1582 2102 eboregias'exeroeant,amplasdomos
1594 2042 1736 2103 possideant.
1760 2045 1810 2108 (tl)

1034 2136 1146 2184 Attamen
1156 2134 1207 2183 crat
1219 2133 1260 2182 ubi
1274 2132 1411 2182 invideretis
1420 2134 1455 2183 eis
1464 2147 1478 2183 e
1487 2136 1566 2184 vestro
1575 2149 1675 2185 numero
1687 2138 1729 2198 qui
1741 2137 1810 2188 bonis

1033 2227 1115 2290 patriis
1124 2227 1229 2276 fruentes
1241 2227 1274 2275 ita
1286 2228 1395 2288 agereni;
1408 2239 1472 2275 nune
1484 2227 1518 2276 ita
1532 2230 1668 2289 comparata
1678 2231 1714 2277 est
1725 2243 1809 2292 respu-

1032 2320 1109 2384 blica,
1119 2323 1147 2371 ut
1162 2333 1211 2371 non
1222 2321 1324 2382 amplius
1338 2320 1370 2370 ob
1385 2333 1413 2370 ea
1424 2334 1479 2384 quae
1490 2320 1529 2370 isti
1542 2323 1654 2373 autmunt
1671 2335 1810 2374 succensea-

1033 2416 1077 2478 tis,
1087 2414 1129 2465 sed
1138 2428 1222 2464 eorum
1231 2427 1286 2478 quae
1296 2427 1340 2464 ros
1348 2415 1379 2464 ab
1388 2414 1443 2476 ipsis
1460 2415 1567 2478 accipitis
1578 2417 1678 2478 gratiam
1691 2416 1810 2480 babeatis,

1033 2509 1102 2573 quasi
1122 2521 1166 2558 sua
1181 2508 1251 2558 vobis
1273 2508 1413 2570 largiantur,
1433 2521 1483 2558 non
1498 2511 1579 2559 restra
1601 2509 1719 2559 iurentur.
1762 2509 1810 2572 (tt)

1034 2602 1105 2660 Quod
1115 2601 1241 2652 astantem
1252 2601 1362 2650 omnium
1370 2599 1476 2649 maxime
1485 2597 1660 2662 prodigiosum,
1675 2599 1700 2649 in
1713 2599 1812 2662 privatin

1033 2691 1131 2756 quidem
1141 2692 1225 2753 rebus,
1241 2691 1259 2740 ii
1270 2691 1311 2754 qui
1323 2690 1447 2742 laeduntur
1457 2671 1488 2740 ad
1503 2689 1617 2740 lacrimae
1630 2690 1772 2753 conlugiunt
1787 2693 1813 2740 et

1034 2781 1221 2832 misericordiam
1231 2781 1340 2843 captant;
1351 2780 1376 2828 in
1388 2777 1489 2841 publicis
1498 2776 1658 2838 vem,iisunt
1667 2775 1813 2826 miserabiles

1034 2877 1075 2939 qui
1085 2875 1196 2938 injuriam
1208 2876 1327 2936 iecerunt,
1343 2876 1367 2924 et
1379 2886 1423 2921 vos
1432 2872 1472 2934 qui
1485 2870 1621 2933 accepistis,
1639 2868 1810 2920 misericordes.

1034 2969 1066 3018 Et
1078 2980 1144 3016 nnnc
1152 2967 1252 3017 tortasse
1260 2966 1324 3015 idern
1336 2964 1424 3014 lanient
1434 2962 1501 3026 quod
1511 2963 1535 3011 et
1547 2961 1613 3024 prius
1622 2962 1700 3011 tacere
1711 2975 1811 3012 censue·

1034 3065 1123 3114 uerunt
1133 3063 1237 3113 demptae
1250 3061 1276 3110 et
1292 3059 1377 3121 amici,
1394 3059 1421 3107 ut
1432 3056 1480 3106 suis
1493 3055 1599 3106 lacrimis
1609 3058 1712 3106 nestram
1721 3056 1813 3105 iracun·

1035 3157 1099 3205 diam
1112 3156 1275 3218 deprecentur.
1294 3151 1491 3214 (13)Egoautem
1504 3149 1539 3198 ita
1547 3161 1573 3198 se
1586 3161 1637 3198 τοιιι
1648 3149 1736 3198 babere
1745 3161 1813 3210 opor·

1034 3253 1086 3302 tere
1098 3251 1195 3314 judico:
1210 3248 1230 3298 si
1241 3259 1282 3298 eos
1296 3245 1356 3295 nibil
1364 3243 1499 3307 quidquam
1508 3240 1565 3290 mali
1579 3241 1728 3304 perpetrasse
1740 3243 1813 3289 autu·

1035 3345 1116 3406 ment,
1125 3345 1184 3393 tunc
1194 3339 1410 3391 commonstrantes
1420 3336 1478 3385 ialsa
1489 3347 1540 3384 ease
1549 3345 1605 3396 quae
1616 3332 1771 3395 objiciuntur,
1780 3333 1815 3386 ita

1036 3451 1079 3488 vos
1090 3437 1186 3486 flectere
1192 3433 1308 3483 cenentur
1317 3429 1348 3480 ad
1357 3427 1547 3479 absolutionem:
1558 3424 1670 3475 sinrobia
1681 3425 1815 3487 supplicent

1036 3531 1081 3580 rati
1101 3543 1141 3579 eos
1156 3526 1295 3588 deliquisse,
1308 3522 1461 3571 manifestum
1478 3520 1515 3568 est
1531 3518 1594 3580 ipsos
1611 3516 1816 3566 benevolentiores

1036 3640 1087 3678 asse
1104 3623 1216 3685 iniuriam
1228 3617 1370 3670 radentibus
1385 3627 1458 3678 quam
1476 3612 1545 3664 vobis
1558 3609 1704 3674 patientibus
1722 3630 1728 3660 ι
1744 3611 1816 3660 itaut

1037 3731 1085 3767 non
1094 3715 1208 3779 gratiam,
1218 3709 1259 3762 sed
1269 3720 1379 3773 paenam,
1390 3705 1486 3770 quando
1493 3719 1565 3769 perias
1574 3718 1617 3755 vos
1626 3704 1685 3767 erit,
1695 3703 1760 3766 digni
1767 3703 1816 3755 sint

1038 3809 1158 3873 consequi.
1193 3807 1240 3871 (ii)
1254 3804 1373 3854 Praeterea
1384 3801 1480 3852 eosdem
1491 3800 1628 3850 existimare
1640 3799 1735 3862 oportet
1743 3811 1816 3850 accu-

1038 3909 1127 3958 satores
1144 3900 1274 3965 impensins
1292 3895 1468 3954 sollicitarisse,
1485 3893 1614 3943 arbitratos
1625 3893 1701 3942 multo
1714 3891 1785 3941 citius
1802 3903 1816 3941 a

1038 4001 1107 4052 nobis
1119 3998 1161 4062 qui
1173 3995 1243 4059 pauci
1257 4005 1354 4054 sumus,
1366 3989 1429 4038 banc
1444 3987 1546 4050 gratiam
1559 4000 1584 4036 se
1596 3999 1664 4048 posse
1681 3986 1815 4047 reportare,

1038 4103 1111 4157 qnam
1124 4102 1138 4138 a
1154 4086 1236 4147 robis3
1248 4086 1302 4134 tum
1311 4081 1393 4131 autem
1403 4071 1497 4128 facilius
1505 4077 1565 4126 alios
1574 4076 1654 4124 restra
1666 4073 1816 4123 condonatu-

1038 4197 1092 4244 ros,
1108 4191 1180 4243 quarn
1194 4175 1360 4235 nosmetipsos.
1394 4169 1443 4232 (ια)
1459 4167 1584 4216 Noluimus
1595 4177 1640 4213 nos
1654 4175 1751 4212 causam
1763 4177 1816 4226 pre·

1038 4281 1108 4338 dere;
1118 4277 1143 4325 et
1152 4264 1396 4334 rossperamusidem
1405 4262 1584 4320 lecturosesse,
1593 4257 1817 4320 sublimaturosque

1040 4368 1103 4435 qued
1121 4364 1191 4415 nobis
1209 4360 1315 4410 maxime
1334 4352 1519 4412 successeretis,
1538 4352 1611 4412 atque
1629 4347 1701 4398 etiam
1720 4361 1816 4412 poenas,

1039 4459 1135 4529 quando
1144 4459 1169 4508 iu
1182 4467 1265 4506 manus
1276 4451 1367 4500 vestras
1378 4445 1551 4503 incideremus,
1562 4442 1677 4502 tanquam
1686 4452 1701 4488 a
1709 4439 1818 4490 sontibus

1039 4556 1177 4614 sumeretis,
1191 4551 1211 4601 si
1222 4561 1266 4599 nos
1280 4558 1336 4596 cnm
1350 4542 1402 4592 istis
1417 4541 1456 4590 rel
1471 4536 1572 4602 pecunia
1590 4536 1699 4598 accepta,
1714 4535 1752 4584 rel
1769 4535 1817 4585 alio

1039 4651 1124 4717 «queris
1132 4645 1218 4706 morlo,
1228 4643 1252 4692 in
1264 4639 1363 4704 gratum
1374 4633 1552 4686 reduceremur.
1565 4632 1676 4681 attamen
1689 4628 1751 4678 areis
1759 4627 1818 4679 indi·

1040 4741 1170 4812 gnaremini
1178 4739 1220 4803 qui
1228 4737 1296 4787 litem
1305 4745 1354 4783 non
1367 4731 1433 4782 recte
1445 4724 1654 4792 persequerentur,
1666 4723 1730 4772 certe
1739 4722 1818 4772 sontes

1041 4844 1103 4907 ipses
1116 4834 1252 4900 gravissime
1268 4828 1352 4893 punire
1365 4817 1443 4876 ἀετοί.
1476 4821 1524 4884 (16)
1537 4821 1606 4869 Nunc
1621 4817 1701 4880 igitur,
1712 4813 1817 4878 judices.

1042 4933 1175 5000 Epicratem
1185 4922 1371 4978 condemnatum
1380 4917 1466 4968 ultimo
1475 4909 1817 4977 suppliciomulmatemeque,

985 5047 992 5068 ³
1042 5030 1132 5083 utelim
1145 5001 1817 5076 iacerecensueristis,improbosjmlicioconrictos,im·

1042 5125 1139 5192 punitos
1148 5121 1173 5170 in
1182 5119 1232 5181 ipsa
1248 5115 1296 5165 litis
1306 5107 1465 5161 estimatione
1475 5101 1613 5162 dimittetis,
1626 5099 1657 5148 ab
1670 5097 1699 5146 iis
1715 5092 1816 5143 inimici·

1042 5222 1099 5273 tiam
1106 5256 1113 5283 ,
1124 5227 1173 5266 non
1183 5221 1277 5276 paenam
1293 5199 1456 5267 reportantes,
1466 5191 1535 5256 quasi
1547 5187 1675 5251 probrum,
1684 5193 1732 5229 neu
1748 5189 1816 5241 pram
