4230 6146
155 571 292 656 (sor-uos)
630 561 747 622 LYSlAE
775 560 835 619 Oli.
862 557 1014 619 CONTRA
1036 556 1262 618 AGORATUM.
1694 565 1743 614 lui

112 727 140 767 uo
193 724 228 764 ιιι.
241 699 318 772 Μήτε
329 688 373 758 οὐν
383 701 465 755 ταῦτα
479 695 557 752 αὐτοῦ
567 689 734 769 ἀποδέχεσθε,
748 688 814 766 μήτε
824 687 855 746 δν
864 686 928 767 λέγρ
1007 699 1044 745 tt.
1061 696 1096 744 Ne
1106 694 1177 756 igitur
1190 691 1403 744 islandeiensionos
1414 692 1546 753 admittite,
1562 702 1639 751 nerine
1653 690 1673 738 si
1689 689 1753 739 diret

154 798 192 852 ὅτι
206 791 296 868 πολλῷ
305 785 393 866 χρόνῳ
403 782 508 863 ὕστερον
523 775 715 857 τιμωρούμεθα.
739 776 780 836 Οὐ
792 774 841 855 γδιρ
856 765 930 850 οἶμαι
976 781 1048 843 longo
1058 781 1166 844 temporo
1177 786 1230 844 post
1239 793 1283 830 nos
1292 793 1375 843 poenes
1386 792 1515 842 reposcere.
1547 779 1630 839 Neque
1643 775 1706 824 enim
1716 789 1753 823 nr-

156 877 277 956 οὐδεμίαν
290 878 342 932 τῶν
351 868 472 930 τοιούτων
488 864 658 942 ἀδικημάτων
672 862 832 943 προθεσμίαν
847 852 927 937 εἶναι,
977 869 1053 918 bitror
1062 883 1113 919 osse
1124 869 1175 919 istis
1183 869 1323 918 criminibus
1334 867 1482 917 vindicandis
1499 865 1577 914 ullum
1590 865 1686 926 ternpus
1695 875 1750 911 con·

156 968 212 1027 ἀλλ’
226 960 335 1044 ἐγὼμὲν
348 951 422 1037 οἶμαι
429 1002 437 1030 ,
448 955 493 1014 εἴτ’
512 951 584 1019 εὐθύς
594 951 644 1010 εἴτε
657 950 742 1030 χρόνῳ
758 972 796 1016 τις
806 951 930 1029 τιμωρεῖ·
977 956 1089 1006 stitutum
1096 973 1104 1019 ;
1114 959 1139 1006 ot
1150 957 1201 1007 sire
1210 957 1264 1020 quis
1272 957 1407 1019 extempio,
1419 956 1469 1004 sire
1480 953 1556 1003 serius
1566 964 1648 1014 ρωποι
1658 953 1752 1012 sumet,

156 1079 198 1115 ται
209 1100 216 1126 ,
227 1056 317 1112 τοῦτον
335 1049 387 1106 δεῖν
399 1040 580 1103 ἀποδεικνύναι
596 1042 630 1105 ὡς
641 1041 669 1096 οὐ
682 1034 810 1107 πεποίηκε
821 1035 883 1116 περί
895 1027 931 1093 ὧν
978 1058 1019 1094 reo
1035 1045 1113 1094 cuivis
1125 1045 1224 1095 omnino
1233 1045 1279 1094 hoc
1292 1057 1343 1094 esso
1355 1042 1581 1100 demonstrandum,
1591 1053 1617 1090 se
1634 1039 1717 1101 utique
1727 1053 1755 1087 en

157 1144 253 1211 ἐστινὴ
267 1135 347 1196 αἰτία.
392 1130 435 1212 (ot)
447 1122 531 1195 Οὐτος
540 1127 624 1187 τοίνυν
639 1129 713 1184 τοῦτο
722 1123 885 1205 ἀποφαινέτω
895 1122 931 1200 ,ἢ
978 1146 1026 1181 non
1040 1135 1188 1196 perpetrasse
1203 1146 1307 1195 quorum
1319 1145 1374 1182 reus
1387 1131 1485 1180 sistitur.
1495 1131 1545 1192 (el)
1561 1131 1613 1178 lioc
1627 1127 1698 1190 igitur
1711 1127 1755 1174 iste

157 1235 191 1298 όνς
214 1229 261 1288 οὐκ
277 1223 426 1283 ἀπέκτεινεν
448 1217 558 1282 ἐκείνους
580 1213 597 1286 ἢ
617 1219 651 1280 ὡς
672 1211 790 1284 δικαίως,
804 1211 883 1270 κακόν
907 1234 931 1268 τι
977 1219 1154 1283 ostendat,aut
1164 1220 1230 1283 quod
1238 1221 1291 1270 illos
1300 1220 1365 1270 viros
1373 1232 1421 1269 non
1437 1217 1621 1278 occiderit,uut
1636 1214 1701 1277 quod
1712 1226 1755 1262 ορ.

117 1336 146 1375 ια
158 1321 293 1379 ποιοῦντας
313 1308 356 1368 τδν
378 1311 459 1384 δῆμον
477 1309 528 1364 τῶν
550 1299 701 1374 Ἀθηναίων.
757 1301 790 1359 Εἰ
804 1299 830 1356 δέ
848 1297 932 1356 πάλαι
978 1307 1062 1357 ciderit
1075 1308 1130 1369 jure
1146 1309 1177 1358 de
1189 1309 1279 1372 populo
1293 1307 1430 1358 Atheniensi
1446 1307 1508 1355 mole
1525 1305 1631 1354 meritos.
1664 1301 1756 1361 Quodsi

158 1403 213 1463 δέον
225 1401 394 1479 τιμωρεῖσθαι
408 1393 513 1473 ύστερον
523 1395 597 1468 ἡμεῖς
608 1387 804 1466 τιμωρούμεθα,
813 1385 857 1444 τόν
868 1386 929 1466 χρό-
978 1395 1053 1445 serius
1062 1409 1144 1458 poenns
1150 1406 1303 1459 reposcimus
1312 1410 1367 1458 qnae
1376 1395 1467 1444 dudum
1476 1392 1562 1442 debilne
1574 1393 1651 1453 erant,
1659 1392 1755 1440 tentum

158 1515 200 1550 ναν
211 1485 339 1568 neptuim
355 1482 383 1542 ὃν
403 1480 446 1574 tto
462 1483 491 1539 αὖ
511 1482 642 1558 πρθῦῆκθν
658 1476 745 1556 αὐτῷ,
760 1476 783 1532 0l
797 1471 825 1530 δὲ
845 1471 933 1552 ἄνδρας
979 1481 1094 1546 &moeris
1110 1483 1226 1532 lucrifecit
1238 1497 1287 1545 qno
1305 1483 1367 1532 sirit
1382 1483 1470 1545 proter
1485 1481 1557 1542 ipsius
1570 1479 1683 1528 meritum
1701 1497 1707 1527 ι
1722 1477 1756 1527 illi

160 1571 312 1638 ὑπὸτούτου
329 1569 401 1631 οὐδέν
417 1575 494 1641 ἡτπον
512 1563 674 1637 τεθνήκασιν.
979 1567 1061 1614 autern
1073 1564 1120 1613 viri
1128 1565 1282 1614 nihilominus
1293 1563 1324 1613 ab
1332 1564 1383 1626 ipso
1392 1564 1449 1612 sunt
1458 1560 1586 1610 interiecti,

197 1685 235 1725 es.
259 1658 357 1722 Ἀκούιυ
380 1656 401 1716 δ’
425 1655 502 1713 αὐτδν
520 1651 565 1711 καὶ
590 1647 805 1730 διισχυρίζεσθαι,
832 1645 871 1704 δτι
892 1645 934 1704 ἐπ’
1011 1657 1048 1702 85.
1067 1651 1144 1702 Audio
1158 1655 1238 1702 nutem
1253 1653 1325 1702 istum
1344 1651 1390 1700 lmc
1406 1664 1432 1702 rc
1451 1649 1494 1699 niti
1512 1647 1632 1709 monimo,
1645 1645 1711 1709 quod
1732 1644 1757 1694 in

160 1747 304 1833 αὐτοφώρῳ
320 1751 353 1826 τῇ
369 1746 498 1822 ἀπαγωγῇ
511 1737 709 1819 ἐπιγέγραπται·
730 1734 744 1794 δ
761 1735 866 1797 πάντων
882 1733 934 1812 ἐγὼ
980 1739 1059 1790 libello
1068 1740 1216 1789 accusatorio
1225 1739 1334 1800 legantur
1345 1737 1455 1786 cererin
1464 1736 1500 1785 ἐπ’
1510 1735 1636 1799 αὐτοφώρῳ
1651 1735 1693 1796 (tn
1700 1731 1758 1796 fla·

159 1830 233 1917 υἶμαι
257 1832 435 1907 εὐηθέστατον·
455 1832 490 1896 ὡς
511 1829 534 1885 εἰ
555 1823 602 1904 μὲν
627 1823 657 1882 τό
674 1821 713 1882 ἐπ’
735 1819 876 1901 αὐτοφώρῳ
896 1817 935 1896 μή
979 1823 1621 1890 orontedelicto);idquodest,utopinor,omniunt
1633 1798 1780 1871 absurdis-¹

160 1923 384 2007 προσεγέγραπτο,
396 1917 482 1997 ἔνοχος
495 1911 531 1972 διν
545 1917 577 1993 τῇ
590 1913 729 1989 ἀπαγωγῇ·
744 1907 807 1967 διότι
821 1907 936 1966 δὲταῦτα
980 1916 1067 1966 simum
1076 1934 1082 1966 ι
1092 1928 1178 1978 nempe
1184 1914 1334 1964 accusatione
1340 1913 1390 1975 ipso
1396 1911 1543 1962 teneretursi
1550 1910 1658 1960 eoverbu
1664 1922 1713 1958 non
1720 1907 1760 1958 ed·

107 2010 389 2091 138προσγέγραπται,
414 2000 547 2086 ῥᾳστώνην
574 1997 632 2057 τινδι
659 1996 742 2056 οἴεται
765 1997 835 2074 αὐτῷ
860 1985 934 2054 εἶναι.
981 1995 1758 2065 ditaluissent3quioeutemuddilnsunt,eosiltilernmonquori·

160 2104 245 2162 Τοῦτο
260 2097 286 2156 δέ
298 2093 380 2156 οὐδενί
399 2091 472 2171 ἀλλιρ
486 2088 568 2148 ἔοικεν
585 2083 604 2156 ἢ
626 2087 758 2162 ὁμολογεῖν
775 2085 935 2152 ἀποκτεῖναι,
981 2091 1037 2139 dnm
1053 2090 1166 2152 reperisse
1176 2089 1304 2139 existimat.
1322 2087 1368 2138 Sed
1378 2087 1402 2137 id
1412 2086 1471 2136 oiim
1481 2085 1546 2135 eliud
1556 2087 1592 2134 est
1603 2096 1676 2147 quern
1689 2081 1759 2132 interl

162 2187 199 2264 μὴ
214 2187 256 2244 ἐπ’
273 2182 415 2262 αὐτοφώρῳ
428 2177 470 2243 δέ,
488 2174 534 2234 καὶ
547 2171 607 2253 περί
621 2169 712 2228 τούτου
724 2167 936 2247 dirempturum,
981 2191 1007 2227 so
1019 2177 1089 2226 luisse
1100 2175 1258 2235 homicidam,
1268 2177 1293 2226 et
1301 2173 1332 2223 de
1341 2174 1387 2224 lroc
1396 2173 1554 2234 contendere,
1564 2171 1643 2235 quod,
1654 2170 1674 2220 si
1686 2169 1760 2219 homi·

161 2278 265 2354 ὥσπερ,
276 2276 298 2332 εἰ
311 2271 349 2344 μή
357 2268 396 2328 ἐπ’
410 2263 551 2346 αὐτοφώρῳ
566 2260 623 2339 μέν,
639 2257 773 2317 ἀπέκτεινε
786 2255 830 2331 δέ,
845 2254 937 2313 τούτου
982 2262 1072 2314 cilium
1081 2261 1261 2326 perpetraverit,
1271 2261 1407 2310 nontamen
1417 2259 1453 2308 ἐπ’
1463 2259 1590 2322 αὐτοφώρῳ
1600 2257 1761 2319 deprehensus

162 2362 237 2421 ἕνεκα
251 2357 305 2418 δέον
315 2353 391 2415 αὐτδν
407 2354 542 2422 σώζεσθαι.
586 2348 630 2428 (oo)
651 2349 763 2406 Δοκοῖσι
779 2343 800 2400 δ’
817 2340 903 2420 ἔμοιγε
913 2343 937 2399 ol
984 2351 1067 2412 tuerit,
1080 2348 1170 2399 idcirco
1178 2347 1223 2398 sihi
1234 2345 1364 2397 condonari
1375 2347 1505 2409 oporteret.
1535 2347 1686 2408 (imvemm
1702 2343 1761 2393 milri

120 2465 135 2503 ⁵
163 2448 252 2508 ἕνδεκα
264 2449 288 2506 ol
302 2439 507 2524 παραδεξάμενοι
518 2435 565 2507 τήν
576 2430 720 2511 ἀπαγωγήν
734 2428 841 2502 ταύτην,
852 2427 937 2504 oldus·
982 2438 1094 2488 ridentur
1105 2435 1263 2487 undecimriri
1275 2435 1316 2498 qui
1328 2435 1436 2484 libellum
1447 2434 1513 2482 lmnc
1527 2433 1702 2482 accusatorium
1720 2445 1760 2481 re·

161 2559 201 2596 νοι
214 2532 346 2616 Ἀγοράτῳ
374 2526 548 2608 συμπράττειν
572 2520 631 2581 τότε
655 2518 700 2578 καί
724 2515 938 2598 διισχυριζόμενοι
984 2538 1080 2587 cepere,
1094 2537 1144 2574 non
1157 2523 1223 2586 quod
1239 2521 1402 2584 Agorntolroc
1419 2521 1571 2584 profuturum
1584 2520 1761 2580 existimarent,

164 2624 261 2707 σφόδρα
275 2623 355 2702 ὀρθῶς
365 2621 473 2688 ποιῆσαι
486 2610 637 2686 Διονύσιον,
654 2606 700 2678 τήν
716 2603 859 2684 ἀπαγωγήν
869 2602 939 2661 ἀπά-
983 2612 1118 2674 sedeoipso
1125 2609 1293 2660 conlinnenlos
1301 2611 1364 2658 reete
1373 2608 1458 2670 oliure
1467 2621 1536 2670 ogere
1544 2606 1691 2670 Dionysium,
1700 2606 1762 2655 inno

163 2736 216 2791 γειν
231 2707 426 2788 ἀναγκάζοντες,
437 2699 656 2783 προσγράψασθαι
667 2694 726 2753 τότε
736 2696 776 2752 ἐπ’
787 2689 938 2773 αὐτοφώρῳ,
984 2700 1052 2750 litem
1070 2700 1094 2748 in
1111 2698 1191 2748 torum
1208 2697 1387 2747 introducentes
1405 2695 1507 2758 coegisse
1525 2695 1664 2758 Dionysium
1682 2694 1762 2742 libello

164 2800 182 2871 ἀ,
194 2799 257 2858 ὅπου
272 2796 303 2855 ἀν
316 2787 342 2876 ᾖ·
357 2797 459 2874 πρῶτον
477 2787 523 2868 μὲν
539 2783 652 2845 ἐναντίον
674 2778 851 2841 πεντακοσίων
866 2781 938 2858 ἔντη
985 2786 1117 2848 ascribere,
1138 2799 1164 2835 se
1174 2797 1287 2834 accusare
1298 2785 1427 2846 Agorntum
1439 2784 1467 2832 ut
1485 2781 1629 2830 homicidam
1642 2779 1679 2830 ἐπ’
1691 2781 1762 2829 otro«

167 2889 264 2967 βουλῇ,
277 2874 332 2942 εἶτα
343 2881 422 2940 πάλιν
442 2875 555 2937 ἐναντίον
565 2869 705 2943 Ἀθηναίων
721 2866 843 2926 ἀπάντων
857 2867 884 2923 ἕν
902 2867 939 2944 τῷ
985 2871 1266 2938 φώρῳ,ηιιυιιι1οιγυίι1οιιι
1273 2870 1583 2934 Aguratusprimumcorem
1591 2868 1763 2930 Quingentisin

166 2973 240 3053 δόμῳ
252 2967 407 3050 &turpilius
420 2962 489 3029 τινὰς
503 2959 663 3020 ἀποκτείνειε
683 2955 728 3015 καὶ
748 2951 828 3019 αἴτιος
841 2950 940 3030 γίνοιτο
985 2965 1083 3024 senatu,
1095 2961 1181 3011 deinde
1195 2973 1275 3010 coram
1284 2933 1401 3008 universis
1410 2956 1625 3008 Atheniensibnsin
1634 2955 1763 3015 concione,

165 3065 209 3118 τοῖν
221 3057 338 3116 θανάτου,
386 3049 430 3135 (ιτ)
446 3051 486 3110 Οὐ
503 3047 553 3126 γδιρ
571 3045 654 3118 δήπου
667 3048 741 3102 τοῖιτο
761 3039 838 3118 μόνον
859 3036 941 3097 oleret
985 3049 1036 3112 ipse
1044 3048 1152 3098 deterens
1162 3047 1291 3097 nonnullos
1299 3044 1433 3095 occidisset.
1450 3043 1503 3107 (87)
1510 3045 1563 3094 tlon
1572 3041 1637 3090 enim
1644 3041 1708 3090 certe
1717 3041 1764 3090 lroc

126 3149 206 3205 ¹031?
222 3143 377 3224 αὐτοφώρῳ,
396 3137 440 3198 ἐόν
455 3159 491 3204 τις
506 3132 602 3213 ξῦλῴἣ
622 3128 741 3210 μαχαίρᾳ
755 3125 872 3194 πατάξας
892 3149 938 3184 κα·
986 3136 1138 3187 solummodo
1153 3131 1341 3198 putenlossetrr'
1354 3131 1499 3195 αὐτοφώρῳ,
1510 3129 1529 3179 si
1541 3128 1643 3192 quisrol
1653 3129 1715 3178 iuste
1726 3130 1763 3178 ret

166 3234 286 3313 ταύάλῃ,
308 3227 363 3290 ἔπαλ
383 3225 413 3285 ἔκ
427 3249 457 3304 γε
474 3228 518 3282 τοῦ
539 3227 584 3281 σοῦ
604 3218 682 3294 λόγου
703 3215 784 3282 οὐδεὶς
797 3213 942 3295 φανήσεται
988 3227 1049 3277 terro
1061 3224 1166 3287 aliquem
1179 3233 1319 3286 percussum
1331 3220 1399 3269 humi
1410 3214 1581 3281 prostraverit:
1612 3218 1765 3266 nemerim

168 3321 322 3386 ἀποκτείναι
343 3315 401 3382 ποθι
423 3314 516 3392 ἄνδρας
529 3309 572 3377 ele
594 3307 625 3367 et
641 3303 804 3386 ἀπέγραψας·
816 3299 875 3362 οὔτε
891 3299 941 3383 γδρ
987 3311 1181 3376 interpretatione
1194 3323 1264 3360 neno
1275 3309 1320 3359 erit
1331 3308 1374 3371 qui
1389 3308 1443 3357 uros
1456 3306 1522 3356 viros
1534 3303 1721 3367 nucerinos
1737 3305 1765 3354 tu

166 3407 292 3476 ἐπάταξαν
313 3403 404 3470 emet<
421 3401 502 3466 αὒδὲα
525 3397 579 3458 αὕτ’
599 3391 762 3476 ἀπέσφαξεν,
788 3391 942 3466 ἀλλ’ἀναγ·
988 3397 1269 3464 detulisti3nequeenim
1285 3409 1326 3447 eos
1343 3395 1430 3458 uliquis
1444 3392 1561 3458 percussit
1580 3391 1764 3455 nutjogulevtt,

166 3496 301 3563 καοθίντες
313 3491 362 3553 tut
371 3496 418 3562 τῆς
429 3493 475 3561 σῆς
486 3487 639 3566 ἀπογραφῆς
649 3480 785 3541 ἀπίθανον·
828 3476 885 3537 Οὖκ
899 3469 942 3534 οὖν
988 3487 1077 3538 sedtue
1085 3486 1205 3538 deletione
1216 3483 1291 3534 concii
1303 3484 1360 3533 sunt
1372 3482 1435 3532 mori
1443 3480 1672 3532 cicutrmltihentos.
1682 3481 1766 3528 Nonne

168 3581 274 3651 θαίτῑας
295 3586 341 3640 τοῦ
355 3577 480 3652 liudwit,
502 3567 574 3640 αὐτας
589 3574 630 3632 ἔπ’
647 3567 790 3648 αὖταφώρῳ
811 3565 882 3642 ἕατί;
896 3563 943 3630 Τίς
987 3575 1105 3640 ἰρίίυιὸε,
1114 3575 1156 3637 qui
1166 3575 1250 3623 auctor
1261 3571 1326 3622 necis
1335 3573 1384 3632 eet,
1394 3569 1431 3619 ἐπ’
1441 3569 1571 3633 αὐτοφώρῳ
1581 3569 1631 3617 est?
1642 3567 1700 3624 Quis
1708 3578 1767 3616 roro

168 3665 211 3732 οὐν
225 3671 303 3737 ἄλλος
316 3667 396 3734 αἴτιος
408 3664 426 3736 ἢ
449 3662 480 3722 σύ
492 3657 664 3742 deonoti-{9243
681 3655 749 3716 ὥστε
763 3657 819 3720 πῶς
838 3653 885 3712 οὐκ
902 3653 942 3710 ἀπ’
988 3660 1143 3710 nliuseuctor
1157 3657 1202 3707 luit
1213 3669 1285 3720 quem
1296 3658 1323 3705 tu
1336 3653 1378 3717 qui
1387 3654 1451 3717 ipsos
1460 3652 1581 3702 detulisti?
1591 3653 1674 3715 itoqrre
1685 3651 1728 3712 qut
1739 3651 1765 3700 tu

130 3785 154 3824 rs
169 3757 310 3840 αὐτοφώρῳ
325 3753 356 3814 σθ
368 3746 414 3812 elo
428 3747 596 3818 ἀποκτείνας;
988 3757 1072 3795 eorum
1085 3757 1133 3794 non
1142 3743 1233 3792 occisor
1244 3739 1308 3790 luisti
1318 3739 1355 3789 ἐπ’
1367 3737 1511 3802 αι’ποφώρῳθ

208 3867 245 3908 su.
261 3840 430 3919 Πυνθάνομαι
440 3841 462 3897 δ’
474 3835 550 3897 αὐτόν
559 3832 604 3892 καί
613 3831 730 3912 περὶτῶν
741 3827 823 3910 δρκων
833 3825 944 3907 καὶπερὶ
1022 3833 1060 3879 88.
1078 3826 1164 3890 Accepi
1180 3837 1276 3888 quoquo
1293 3836 1349 3874 eum
1368 3822 1399 3873 de
1407 3819 1563 3884 iureiurando
1573 3821 1597 3870 et
1607 3818 1638 3869 de
1646 3815 1768 3869 consentis

168 3939 220 3996 τῶν
232 3933 364 4003 συνθηκῶν
377 3927 481 4006 μέλλειν
489 3923 588 4003 λέγειν,
600 3924 635 3988 ὡς
645 3915 718 3998 παρά
730 3915 787 3983 τούς
796 3915 886 3997 όρκους
900 3913 945 3973 καί
990 3913 1081 3978 aliquid
1092 3913 1227 3974 dictorum,
1243 3909 1308 3975 qnod
1319 3923 1405 3974 nempe
1414 3909 1439 3960 in
1448 3905 1489 3972 jus
1500 3909 1602 3958 vocetur
1614 3909 1698 3956 contra
1714 3905 1768 3968 jus-

169 4023 215 4091 τδς
235 4018 363 4091 συνθήκας
377 4013 529 4093 ἀγωνίζεται
549 4009 580 4077 ἀς
598 4005 753 4083 συνεθέμεθα
770 4003 834 4084 πρὸς
847 4001 906 4069 τούς
919 4003 946 4060 ἐν
988 4001 1133 4066 iurandum,
1157 4003 1183 4050 et
1205 4002 1288 4050 contre
1304 4011 1333 4048 ea
1357 3999 1475 4048 convento
1497 4009 1553 4059 qun
1566 3995 1696 4044 Piraeensee
1713 4005 1768 4041 curn

171 4111 244 4170 ἀστει
254 4109 311 4168 oliv
323 4110 360 4187 τῷ
367 4106 494 4185 Πειραιεῖ.
507 4097 605 4180 Σχεδὸν
622 4093 668 4174 μέν
679 4083 722 4153 οὐν
735 4089 833 4158 τούτοις
846 4091 947 4170 lquor·
990 4089 1088 4140 nrbnnis
1099 4089 1228 4138 iniverunt.
1261 4088 1304 4138 itis
1313 4087 1384 4149 igitur
1394 4084 1498 4135 conlisus
1508 4084 1595 4133 letetur
1606 4094 1631 4131 se
1643 4079 1715 4129 luisse
1723 4078 1768 4127 iro-

171 4196 274 4275 ζόμενος
284 4195 407 4272 δμολογεῖ
415 4186 564 4270 ἀνδροφόνος
579 4175 653 4243 εἶναι·
667 4178 789 4260 ἐμποδών
803 4183 864 4257 γοῦν
877 4176 947 4256 ilip-
991 4177 1103 4228 micinam
1116 4196 1123 4226 ι
1134 4176 1234 4239 opponit
1243 4175 1333 4225 scilicet
1342 4171 1520 4236 iusiurandum,
1527 4169 1654 4229 convente,
1662 4165 1769 4228 elapsum

172 4307 231 4352 κους
243 4281 261 4354 ἢ
273 4279 402 4352 συνθήκας
415 4277 432 4350 ἢ
443 4273 564 4358 χρόνονή
579 4273 620 4331 ’ἐπ’
633 4267 775 4351 αὐτοφώρῳ
786 4289 811 4325 τι
820 4273 947 4338 ποιεῖται,
992 4265 1098 4328 leuium,
1112 4264 1187 4314 verita
1203 4263 1239 4312 ἐπ’
1254 4261 1382 4325 αὐτοφώρῳ
1397 4259 1491 4319 edditn;
1509 4259 1534 4306 at
1550 4254 1594 4319 ipsi
1612 4263 1691 4303 cousoe
1706 4246 1769 4300 utm-

173 4375 243 4450 αὐτῷ
253 4369 280 4430 δὲ
289 4372 326 4450 τῷ
338 4365 474 4448 πράγματι
483 4361 511 4422 οὐ
518 4386 544 4420 τι
555 4357 669 4419 πιστεύει
679 4357 766 4422 καλῶς
774 4355 946 4434 ἀγωνιεῖσθαι.
993 4352 1041 4416 dit,
1052 4365 1130 4415 neque
1144 4351 1201 4400 hinc
1214 4351 1293 4413 sperat
1312 4361 1363 4398 rem
1378 4347 1422 4409 iusi
1437 4345 1499 4395 benc
1514 4355 1642 4394 cessuram.
1660 4339 1709 4402 (89)
1722 4341 1769 4390 llu-

132 4490 160 4530 φφ
173 4463 215 4544 (ιο)
226 4460 304 4536 Ὑμῖν
315 4445 385 4534 δέ,ώ
398 4454 486 4534 ἄνδρες
498 4447 628 4520 δικασταί,
639 4447 667 4506 οὐ
681 4442 809 4526 προσήκει
820 4442 879 4522 περὶ
893 4439 949 4500 τού·
990 4440 1096 4504 iusmodi
1108 4439 1190 4489 autern
1199 4437 1286 4500 eiiugio
1303 4437 1411 4486 rostrum
1420 4435 1469 4494 est,
1479 4431 1585 4493 iudices,
1603 4439 1700 4492 prorsus
1714 4425 1770 4488 reti·

172 4573 223 4609 των
235 4543 414 4626 ἀποδέχεσθαι·
426 4540 485 4599 ἀλλ’
496 4542 531 4606 ὡς
545 4539 591 4596 οὐκ
601 4533 751 4613 ἀπέγραψεν
761 4529 817 4590 οὐδὲ
825 4533 849 4588 ol
859 4529 950 4610 ἄνδρες
993 4541 1048 4580 cere
1053 4545 1061 4590 ;
1072 4525 1114 4577 sod
1124 4527 1196 4578 islurn
1205 4525 1288 4587 jubete
1298 4521 1358 4572 illud
1367 4520 1506 4582 defendere,
1518 4518 1557 4567 rel
1567 4515 1633 4579 quod
1642 4515 1697 4564 illos
1707 4516 1770 4563 viros

173 4643 294 4713 τεθνᾶσι,
317 4631 378 4713 περί
398 4627 495 4689 τούτων
510 4627 628 4686 κελεύετε
652 4619 729 4681 αὐτὸν
752 4621 947 4696 ἀπολογεῖσθαι.
993 4630 1043 4667 nou
1058 4612 1184 4675 detulerit,
1200 4613 1238 4662 vel
1250 4609 1316 4675 quod
1329 4609 1363 4659 illi
1374 4622 1424 4658 non
1434 4604 1568 4657 interierint
1580 4624 1587 4655 ι
1597 4601 1769 4666 siquidemJ'us·

173 4725 287 4787 Ἔπειτα
300 4719 359 4788 τούς
374 4718 464 4799 δρκους
484 4715 529 4774 καλ
546 4713 591 4780 τὰς
608 4708 723 4782 συθήκας
744 4704 816 4766 οὐδὲν
833 4709 950 4784 ἡγοῦμαι
992 4703 1125 4767 iurandum
1138 4703 1163 4752 et
1174 4697 1361 4751 consentanihil
1377 4697 1407 4746 ad
1421 4709 1464 4746 ros
1476 4694 1596 4758 pertinere
1607 4691 1771 4752 arbitrorergo

174 4813 314 4895 προσήκειν
331 4808 394 4884 ἡμῖν
408 4804 471 4884 πρὸς
486 4808 585 4863 τοῦτον.
626 4801 661 4859 Οἱ
675 4795 726 4877 γάρ
738 4794 810 4876 ὅρκοι
819 4801 872 4859 τοῖς
883 4794 910 4851 ἐν
923 4791 949 4849 ἀ·
994 4791 1076 4844 istum.
1109 4788 1282 4853 Jusjnrnndum
1299 4785 1460 4838 enimdetmn
1476 4783 1513 4832 est
1526 4779 1624 4831 urbanis
1641 4779 1772 4830 nPirreen-

176 4923 230 4959 στει
244 4897 307 4979 πρδς
316 4894 374 4961 τούς
388 4895 414 4951 ἐν
426 4893 546 4971 Πειραιεῖ
558 4885 720 4968 γεγένηνται.
744 4883 788 4961 (eo)
803 4883 837 4942 Et
847 4878 894 4958 μίν
907 4869 950 4936 οὐν
994 4880 1069 4931 sibus.
1087 4879 1137 4943 (90)
1148 4879 1172 4928 Si
1183 4877 1254 4940 igitur
1263 4875 1308 4926 isle
1321 4875 1346 4924 in
1359 4873 1419 4924 urbe
1430 4871 1528 4934 luisset,
1544 4867 1655 4920 einosin
1669 4867 1772 4927 Pirreeo,

175 4979 246 5052 οὗτος
258 4984 305 5062 μὲν
315 4985 342 5041 έν
353 4981 436 5052 ἄστει,
444 4983 519 5056 ἡμεῖς
530 4977 552 5035 δ’
565 4977 590 5033 ἐν
601 4977 721 5050 Πειραιεῖ
733 4963 809 5048 ήμεν,
817 4959 887 5046 εἶχόν
894 4988 951 5026 τινα
995 4969 1095 5019 haberet
1115 4967 1198 5030 utique
1218 4963 1317 5014 rationis
1336 4961 1440 5026 speciem
1453 4958 1520 5024 quod
1535 4958 1586 5023 ipsc
1602 4957 1632 5008 de
1650 4953 1774 5005 conventis

134 5097 161 5137 τε
174 5073 249 5151 λόγον
266 5073 337 5151 αὐτῷ
350 5072 378 5127 αἱ
389 5071 522 5138 συνθῆκαι·
538 5067 583 5122 νῖν
597 5060 624 5120 δὲ
638 5059 683 5119 καί
701 5049 774 5124 αὐτος
787 5058 813 5116 ἑν
833 5057 954 5134 Πειραιεῖ
996 5056 1094 5121 profert.
1136 5057 1191 5106 ,tom
1208 5066 1266 5103 roro
1280 5051 1325 5101 istc
1343 5049 1370 5100 in
1384 5049 1474 5100 t'irueoo
1494 5047 1560 5110 erut,
1578 5043 1640 5096 sicut
1655 5045 1681 5092 et
1695 5054 1739 5104 ego
1750 5042 1774 5089 et

176 5153 207 5234 ἦν
219 5158 265 5220 καὶ
277 5156 328 5238 ἐγώ
343 5155 388 5215 καί
403 5153 534 5220 Διονύσιος
548 5148 592 5209 καὶ
614 5139 683 5206 oleo
704 5145 814 5210 ἅπαντες
827 5144 851 5201 ol
862 5145 951 5200 τοῦτον
997 5143 1139 5208 Dionysius,
1153 5139 1261 5204 atquehi
1273 5137 1409 5201 omnesqui
1421 5149 1477 5187 eum
1489 5136 1514 5185 in
1531 5135 1571 5198 jus
1582 5132 1679 5182 rotent.
1710 5126 1773 5178 Nihil

176 5244 382 5326 τιμωρούμενοι,
409 5239 476 5299 ὥστε
494 5241 542 5297 οὐκ
560 5235 629 5295 ἔστιν
643 5239 707 5312 ἡμῖν
729 5231 849 5310 ἐμποδὼν
870 5227 951 5287 οὐδέν·
997 5231 1156 5295 ltaquenobis
1174 5234 1211 5280 est
1228 5226 1412 5291 impedimento,
1425 5236 1502 5287 quum
1513 5221 1644 5272 Piroeensos
1660 5215 1728 5266 nullo
1747 5225 1773 5262 se

178 5335 268 5393 οὐδένα
279 5330 329 5412 γδιρ
339 5328 413 5411 όρκον
424 5331 447 5388 ol
457 5329 483 5387 ἐν
496 5327 615 5407 Πειραιεῖ
624 5322 642 5396 ἢ
651 5329 704 5390 τοῖς
714 5325 740 5382 ἐν
753 5319 825 5378 άστει
835 5315 953 5396 ὤμοσαν.
995 5319 1132 5383 iuramento
1143 5315 1316 5368 obstrinxerint
1325 5326 1380 5376 ergo
1392 5323 1432 5362 eos
1443 5309 1484 5372 qui
1498 5319 1547 5358 non
1558 5305 1627 5355 erent
1638 5301 1663 5350 in
1673 5300 1741 5350 urbo

286 5443 414 5482 ΟΙΔῚὋΙΕδ.
1644 5404 1666 5448 ΙΙ
