4156 6148
352 585 389 642 u
411 554 415 595 ³
874 574 1128 636 ιιιιισοιιιοο
1148 573 1311 634 raucae.
1332 576 1371 648 u,
1395 577 1421 651 p.
1801 571 1944 651 [υτ-ω)

345 706 392 768 καί
413 704 450 784 μὴ
473 704 581 783 ἀληθείᾳ
601 701 649 775 τὴν
663 701 748 786 κρίσιν
765 700 941 771 ποιήσασθαι·
960 706 978 773 ἡ
1005 700 1052 778 μὲν
1069 701 1119 782 γδρ
1166 723 1222 760 nam
1231 711 1336 774 opinatio
1347 705 1664 773 quidennrerumssasiarum
1680 707 1825 758 mundalis
1839 711 1888 772 est,
1901 710 1947 773 qui

344 793 406 865 δόξα
413 797 465 852 τῶν
476 791 643 875 πραχθέντων
654 791 717 871 πρδς
728 794 777 850 τῶν
786 789 869 869 λέγειν
882 790 1030 867 δυναμένων
1041 786 1119 863 ἐστίν,
1166 798 1277 848 facundia
1289 799 1386 859 voicnt3
1399 795 1490 848 verius
1504 797 1587 846 autem
1604 795 1652 848 sur
1663 809 1678 846 a
1690 795 1800 859 partibus
1818 796 1945 848 bominum

344 887 361 956 ἡ
376 881 403 943 δί
417 881 524 954 ἀλήθεια
536 881 599 962 πρὸς
611 883 663 939 τῶν
673 879 760 939 δίκαια
773 881 818 938 καί
829 877 888 939 όσια
897 879 1075 960 πρασσόντων.
1163 885 1262 947 lusorie
1270 889 1343 949 atque
1352 884 1459 947 religioni
1468 884 1627 947 operantium.

383 992 407 1032 a.
422 971 544 1032 Ἔδόκουι
561 969 608 1047 μέν
621 961 665 1028 οῦν
677 968 756 1049 ἔγωγε
770 975 853 1028 ταῦτα
866 967 995 1028 παιδεύων
1007 968 1052 1028 τδν
1065 968 1119 1028 υίδν
1196 981 1220 1026 ³.
1237 973 1366 1037 sperabam
1378 974 1461 1036 itaque
1469 985 1513 1036 ego
1524 971 1602 1022 iilum
1611 971 1729 1022 meumiis
1739 971 1844 1036 artibus,
1856 973 1946 1036 quihus

344 1057 371 1128 ἐξ
386 1049 422 1118 ῶν
440 1057 556 1135 μάλιστα
576 1056 606 1116 τδ
630 1056 713 1117 κοινδν
731 1059 884 1138 ὠφελεῖται,
903 1058 998 1135 ἀμφοῖν
1016 1081 1042 1115 τι
1056 1061 1119 1134 ἡμῖν
1165 1062 1271 1112 maxime
1280 1074 1343 1125 resp.
1354 1063 1470 1123 ornatur,
1480 1059 1608 1123 erudiens,
1623 1061 1688 1123 iore,
1699 1062 1727 1110 ut
1739 1060 1812 1110 ambo
1823 1062 1945 1112 commodi

344 1146 440 1225 ἀγαθόν
460 1145 655 1218 ἀποόὴσεσθαι·
679 1145 831 1223 συμόέόηκε
852 1145 880 1203 δέ
900 1169 944 1222 μοι
959 1143 1025 1203 πολὺ
1046 1143 1119 1226 παρά
1164 1149 1255 1213 aliquid
1276 1150 1332 1202 inde
1344 1151 1522 1214 perciperemus
1539 1167 1546 1200 ι
1564 1162 1650 1200 verum
1665 1149 1746 1200 euenit
1765 1148 1825 1199 mibi
1846 1163 1944 1213 prorsus

302 1235 449 1314 οςγνύιμην
460 1232 568 1295 τούτων.
583 1233 623 1295 Τδ
632 1233 682 1314 γδιρ
694 1233 826 1314 μειράκιον
838 1235 886 1312 οὐχ
900 1231 972 1312 ύόρει
983 1231 1040 1290 οὐδὲ
1055 1235 1119 1292 ἀκο·
1163 1240 1248 1288 conus
1265 1239 1339 1303 atque
1351 1239 1500 1301 sperabatur.
1532 1241 1593 1288 Nam
1609 1237 1748 1288 adolescens
1763 1237 1819 1300 hic,
1833 1251 1882 1287 non
1896 1238 1939 1288 irn-

343 1324 437 1404 λασίφι,
456 1322 524 1381 ἀλλά
539 1323 655 1399 μελετῶν
672 1321 738 1400 μετὰ
758 1325 809 1380 τῶν
826 1321 924 1392 ἡλίκων
939 1321 1079 1390 ἀκοντίζειν
1092 1322 1119 1378 ἰν
1163 1328 1221 1390 peiu
1234 1325 1340 1389 quodam
1348 1326 1490 1390 arrogantius
1504 1326 1543 1376 uel
1558 1325 1698 1389 petulantiae
1714 1328 1796 1389 actus,
1810 1326 1851 1376 sed
1865 1325 1889 1376 in
1902 1340 1941 1389 gy·

341 1416 379 1493 τῷ
389 1409 526 1492 γυμνασίῳ
540 1409 619 1470 ἔόαλε
631 1409 690 1488 μέν,
700 1413 747 1470 οὐκ
761 1409 895 1470 ἀπέκτεινε
908 1409 935 1470 δέ
945 1409 1036 1470 οὐδένα
1050 1408 1119 1468 κατοί
1163 1414 1255 1464 maasia
1267 1427 1317 1466 una
1334 1427 1392 1465 cum
1404 1413 1539 1478 equalibus
1549 1413 1658 1476 isonium
1678 1414 1817 1477 intorquere
1833 1414 1941 1477 dispens,

341 1523 371 1580 γε
382 1498 428 1572 elo
442 1498 564 1570 ἀλήθειαν
575 1489 611 1558 ῶν
621 1496 739 1580 ἔπραξεν,
751 1499 832 1558 ἄλλου
846 1499 868 1556 δ’
881 1500 917 1565 εἰς
938 1496 1014 1556 αθτδν
1028 1495 1118 1576 ἆμαρρΙ
1162 1503 1278 1568 pererrauit
1293 1503 1391 1566 quidem
1401 1515 1450 1553 nou
1460 1515 1519 1555 vcro
1535 1502 1827 1566 interfecitquemquam,
1841 1503 1861 1552 si
1877 1505 1942 1554 recte

340 1587 428 1656 πόντος
444 1591 479 1655 εἰς
493 1587 626 1654 ἀκουσίους
638 1586 722 1655 αἰτίας
735 1578 820 1658 ἡλθεν.
864 1586 895 1667 (ε)
910 1588 944 1646 Εἰ
959 1585 1006 1663 μέν
1025 1587 1075 1666 γὰρ
1090 1585 1119 1644 τδ
1164 1605 1219 1656 quaa
1229 1591 1312 1642 iecerit
1324 1590 1490 1656 perpenderis,
1501 1590 1544 1642 sed
1553 1591 1718 1642 aiioineemet
1728 1593 1842 1654 peccante
1851 1590 1940 1641 inuitus

341 1675 459 1736 ἀκόντιον
470 1674 519 1746 ἔξω
531 1679 582 1734 τῶν
593 1674 659 1757 όρων
670 1678 715 1746 τῆς
723 1678 802 1733 αὑτοῦ
816 1673 1022 1755 πορείαςίπίτδν
1036 1675 1119 1731 παῖδα
1163 1679 1474 1734 incriminationemvenit.
1507 1681 1541 1745 (4)
1555 1680 1938 1742 tiamnjacuiumextratermi·

341 1761 471 1844 ἰζενιχθίν
486 1763 597 1846 ἔτρωσεν
608 1761 695 1836 αὐτόν,
709 1761 790 1828 οὐδεὶς
801 1766 864 1839 ἡμῖν
875 1761 950 1839 λόγος
965 1760 1118 1822 ὑπελείπετο
1162 1769 1267 1831 nescius
1278 1769 1359 1819 carsrd
1372 1768 1502 1832 praefinitos
1512 1770 1623 1820 erootrun
1638 1767 1664 1818 in
1675 1779 1776 1829 puerum
1790 1765 1945 1830 incurrisset,

299 1875 327 1917 ao
342 1852 379 1932 μὴ
394 1858 510 1933 φονεῦσιν
530 1843 609 1911 εἶναι·
632 1855 677 1910 τοῦ
699 1849 726 1910 δέ
741 1850 833 1918 παιδδς
847 1849 896 1908 ὑπὸ
909 1850 956 1920 τὴν
977 1855 1022 1909 τοῦ
1041 1853 1118 1909 ἀκον-
1163 1871 1268 1920 eumque
1281 1858 1416 1920 strauisset,
1433 1857 1499 1907 uuila
1510 1857 1579 1908 nobis
1594 1857 1677 1906 relicta
1688 1857 1750 1906 toret
1759 1855 1882 1906 excusatio
1895 1869 1943 1920 qua

341 1940 398 2002 τίου
412 1940 493 2022 φοράν
513 1938 703 2022 ὑποδραμόντος
715 1937 760 1997 καί
773 1938 803 1997 τό
819 1942 897 2016 σῶμα
911 1937 1118 2019 προστὴσαντος,
1163 1947 1335 1997 incusationem
1341 1946 1412 1996 sudis
1420 1945 1592 2009 depelleremus
1602 1944 1683 2008 :atqui
1691 1944 1862 2012 puerinjourii
1870 1945 1945 2009 imps-

337 2033 362 2102 [ό
370 2023 418 2102 μέν
428 2027 556 2106 ἐκωλύθη]
567 2033 613 2085 τοῦ
621 2032 717 2087 σκοποῦ
730 2031 829 2104 τυχεῖν,
841 2030 854 2084 ό
867 2025 893 2083 δέ
902 2025 951 2083 ost
962 2024 991 2084 τδ
1002 2024 1119 2084 ἀκόντιον
1163 2035 1216 2084 tum
1226 2047 1369 2086 succurrens
1378 2047 1513 2098 corpusque
1523 2034 1545 2084 et
1559 2033 1688 2097 objiciens,
1702 2034 1831 2098 quominus
1844 2047 1943 2098 scopum

343 2117 459 2178 θπελθιδν
474 2116 586 2190 touton,
606 2115 651 2175 καί
663 2113 710 2188 ιὴν
724 2114 810 2173 αἰτίαν
827 2115 875 2192 οὐχ
893 2111 1022 2194 ἡμετέραν
1041 2105 1119 2174 οῦσαν
1162 2123 1223 2173 alter
1236 2123 1316 2173 feriret
1325 2122 1468 2186 impedivit,
1478 2123 1595 2186 ipseuero
1608 2123 1635 2174 in
1646 2123 1688 2174 teli
1699 2121 1836 2184 coniectum
1845 2123 1942 2175 veniens

342 2204 504 2286 πφοσέόαλιν
513 2205 587 2281 ἡμῖν.
633 2202 663 2280 (ι)
673 2200 723 2262 Διά
739 2202 766 2260 δέ
783 2199 829 2273 ιὴν
845 2199 995 2281 ὑποδρομὴν
1011 2199 1119 2280 βληθέν·
1162 2225 1288 2275 percussus
1296 2213 1345 2274 est,
1355 2211 1456 2277 ideoque
1464 2211 1656 2264 criminationem
1666 2211 1737 2262 nobis
1748 2209 1832 2264 attulit
1842 2211 1901 2262 nidd
1911 2211 1942 2261 ad

341 2317 384 2362 τος
393 2298 438 2352 τοῦ
448 2291 549 2364 παιδός,
559 2290 589 2350 τό
599 2289 646 2368 μέν
659 2290 792 2372 μειροίκιον
802 2291 831 2347 οὔ
844 2287 948 2356 δικαίως
958 2291 1120 2350 ίπικαλεῐται
1162 2314 1207 2350 nos
1215 2301 1382 2364 pertinentem.
1395 2301 1428 2364 (5)
1442 2301 1510 2350 Patet
1519 2312 1574 2362 erqo
1581 2299 1758 2352 adolescentem
1770 2298 1858 2362 injuria
1871 2299 1944 2350 cadis

343 2384 353 2462 (
366 2379 457 2442 ούδίνα
469 2379 521 2460 γάρ
535 2378 614 2438 ideis
627 2383 678 2438 τῶν
696 2379 749 2436 ἀπὸ
763 2384 808 2437 τοῦ
819 2382 917 2437 σκοποῦ
933 2376 1119 2458 ἀφεστώτων),
1164 2388 1310 2452 insimulari,
1320 2388 1490 2452 quineminenr
1499 2401 1584 2439 eorum
1598 2387 1707 2439 omnium
1718 2387 1795 2452 ieriit,
1805 2388 1847 2452 qui
1857 2389 1941 2452 procui

342 2469 400 2528 όδδ
418 2468 480 2536 παῖς
500 2465 573 2548 είπερ
586 2463 665 2534 ἑστὼς
678 2465 787 2548 φανερδς
802 2469 861 2544 ὑμῖν
874 2463 929 2526 έστί
944 2463 980 2544 μὴ
1000 2465 1118 2544 βληθείς,
1165 2479 1256 2527 amota
1271 2478 1325 2528 ioco
1338 2476 1562 2528 suoconstiterunt.
1594 2480 1657 2528 Puer
1665 2477 1756 2542 itaque,
1765 2476 1882 2540 sipariter
1890 2476 1943 2526 ioco

303 2585 330 2627 as
342 2555 464 2624 luceolos<
484 2555 535 2615 θπδ
555 2555 601 2628 τὴν
625 2554 707 2638 φορδν
732 2559 777 2614 τοῦ
799 2553 917 2613 ἀκοντίου
940 2554 1057 2613 ὑπελθὼν
1081 2553 1118 2612 ἔτι
1165 2577 1211 2615 suo
1225 2569 1290 2618 stans
1301 2566 1533 2630 mansisset,procui
1549 2563 1771 2616 omnidubioictus
1784 2579 1834 2616 non
1846 2565 1941 2627 inissem

342 2642 506 2726 σαφεστέρως
523 2644 646 2716 δηλοῦται
660 2641 702 2702 διδ
717 2641 765 2714 τὴν
779 2645 858 2701 αύτοῦ
872 2639 1004 2721 ἁμαρτίαν
1018 2644 1119 2701 ἀποθα·
1164 2667 1203 2704 τοι
1214 2657 1250 2706 eet
1261 2655 1387 2719 perspicua
1397 2675 1403 2706 ι
1414 2655 1541 2706 aedmuito
1550 2654 1631 2704 adbuc
1646 2653 1942 2720 mopsostperapicuum

342 2732 410 2794 νῶν·
424 2733 453 2792 οὐ
467 2731 518 2814 γδιρ
532 2732 562 2792 ἀν
577 2729 676 2805 ῖόλὴθη
689 2730 836 2813 ἀτρεμίζειν
847 2729 892 2789 καί
906 2729 943 2807 pl,
961 2730 1116 2812 διατρέχων.
1164 2755 1221 2792 eom
1234 2745 1329 2794 suomet
1339 2757 1421 2794 errore
1434 2741 1560 2808 ceoidissc3
1571 2756 1629 2794 nanu
1642 2743 1766 2807 siquietus
1777 2745 1802 2794 ct
1811 2743 1941 2794 immobilis

342 2818 373 2902 (a)
387 2819 519 2881 ’ἀκουσίου
531 2818 559 2879 δὲ
572 2825 616 2879 τοῦ
627 2819 703 2901 φόνου
720 2819 747 2888 ἐξ
765 2823 861 2900 ἀμφοῖν
872 2821 932 2896 ύμῖν
943 2819 1119 2898 θμολογουμέ·
1164 2831 1429 2882 stansinstationesua
1440 2830 1629 2896 persomme,
1645 2831 1872 2882 mmmmm
1904 2831 1939 2894 (ς)

342 2933 386 2971 νου
399 2909 532 2990 γενέσθαι,
545 2911 575 2968 ἀκ
587 2912 633 2980 τ’ἡς
643 2908 786 2988 ἁμαρτίας,
801 2907 924 2988 ὁποτέρου
937 2908 1020 2965 αὐτῶν
1037 2907 1119 2990 ἐστίν,
1164 2919 1212 2970 sed
1227 2919 1343 2984 quoniam
1358 2921 1442 2970 contra
1459 2919 1585 2984 utriusque
1599 2907 1751 2970 volumtatem
1762 2917 1877 2978 neumas
1892 2929 1941 2968 σοι·

343 2999 381 3059 let
392 3022 422 3079 γε
437 2997 593 3142 σαφέστερον
611 2997 670 3056 ἀνθ
688 2996 776 3079 φονεὺς
788 2995 932 3076 ἐλεγχθείη.
974 2992 1012 3056 0t
1023 3021 1051 3054 τε
1069 2996 1120 3078 γάρ
1140 3011 1145 3050 Ι
1163 3006 1219 3058 dem
1234 3009 1297 3060 inter
1312 3022 1356 3060 nos
1366 3009 1418 3072 jam
1433 3009 1559 3069 οοονεοίί,
1574 3021 1641 3060 error
1657 3007 1782 3070 cujusnam
1793 3006 1942 3070 iberitquae·

345 3087 536 3168 δμαφτοίνοντες
570 3083 626 3144 νάν
642 3083 798 3156 ίπινοὴσωσί
812 3109 836 3142 τι
849 3085 955 3164 δρῦσαι,
968 3075 1120 3166 οἶτοιπφοί-
1163 3110 1260 3159 ramus;
1276 3096 1333 3148 inde
1350 3097 1416 3148 enim
1432 3096 1567 3146 evidentius
1584 3095 1666 3146 adbuc
1683 3094 1804 3146 homicida
1819 3099 1942 3158 arguatur.

342 3197 431 3254 κτοφες
441 3177 491 3234 τῶν
504 3171 630 3230 ἀκουσίων
642 3171 719 3230 εἰσίν·
732 3175 755 3230 οῖ
772 3171 799 3229 δί
814 3171 929 3229 ἑκούσιόν
942 3196 967 3232 τι
982 3173 1118 3254 δρῶντεςὴ
1163 3185 1261 3237 scilicet
1276 3185 1347 3250 siqui
1359 3187 1384 3235 in
1392 3185 1508 3250 agendos
1519 3185 1643 3249 proposito
1654 3196 1701 3234 sno
1716 3183 1844 3246 ιθοιτοοί,
1857 3183 1874 3234 ii
1886 3184 1942 3234 sunt

301 3289 329 3329 ιο
342 3261 487 3342 πόσροντες
494 3250 582 3333 ,οῦτοι
592 3262 643 3317 τῶν
653 3259 816 3337 παθημάτων
827 3257 904 3318 αἴτιοι
916 3259 1038 3338 γίνονται.
1083 3264 1116 3341 (7)
1163 3275 1288 3324 eiiectores
1305 3287 1388 3324 rernm
1405 3272 1736 3336 involuntariarom;contra
1751 3271 1943 3334 quivoiuutnrio

242 3380 245 3388 Δ
342 3347 442 3426 Τδμδν
457 3345 540 3406 τοίνυν
556 3346 690 3426 μειράκιον
708 3346 769 3427 περὶ
787 3347 877 3406 οὐδένα
897 3349 1014 3429 ἥμαρτεν
1033 3350 1116 3409 οὐδέν·
1163 3361 1303 3425 aliquiduei
1320 3363 1412 3413 iaciunt
1425 3361 1530 3412 veiiied
1544 3361 1679 3425 patiamur,
1700 3359 1845 3411 iiauctores
1858 3373 1943 3410 eornm

343 3434 648 3517 οὔτεγδιράπειρημένον,
661 3434 729 3493 ἀλλά
740 3434 1118 3516 προστεταγμένονέξιμελίτα,
1163 3449 1427 3514 quceiiunthabentur.
1461 3451 1559 3514 (7)ἰοοι
1572 3449 1867 3500 adolescensmeusnuiia
1880 3449 1941 3500 rein

343 3521 402 3584 ούτε
415 3526 441 3583 ίν
454 3521 666 3603 γυμναζομένοις,
690 3523 749 3581 ἀλλ’
766 3525 792 3582 ἀν
812 3527 845 3604 τῇ
864 3527 915 3582 τῶν
936 3525 1119 3594 ἀκοντιζόντων
1163 3539 1301 3603 quempiam
1322 3538 1439 3602 ροσεονῖθ.
1472 3537 1608 3589 Exercebat
1622 3541 1700 3587 artem
1718 3551 1768 3587 non
1790 3537 1944 3588 interdictam

341 3612 412 3682 τάξει
432 3613 575 3686 ἠκόντιζεν,
594 3611 653 3672 οὔτε
670 3616 714 3671 τοῦ
733 3617 831 3672 σκοποῦ
854 3613 988 3694 ἁμαρτών,
1006 3617 1043 3682 εἰς
1061 3615 1118 3683 τοὺς
1163 3627 1225 3689 sibi,
1243 3627 1284 3678 sed
1302 3627 1460 3689 imperatam
1473 3625 1683 3688 nonlaouiabotur
1697 3625 1760 3676 inter
1771 3624 1943 3676 luctantessed

342 3704 492 3783 ἀφεστῶτας
504 3701 653 3775 ἀκοντίσας,
666 3707 711 3760 τοῦ
722 3701 813 3769 παιδδς
836 3701 934 3782 ἔτυχεν,
956 3702 1023 3761 ἀλλά
1033 3704 1118 3763 ποίντα
1163 3715 1189 3764 in
1204 3713 1367 3778 iaculantium
1378 3715 1488 3778 aqrnine;
1503 3727 1584 3777 neque
1596 3727 1612 3765 a
1623 3716 1687 3764 meta
1704 3713 1818 3764 aberrans
1834 3713 1943 3776 locarium

342 3789 423 3872 ὀρθῶς
444 3794 479 3858 ὡς
498 3791 596 3850 ἐπενόει
614 3792 682 3872 δρῶν
701 3789 794 3871 ίδρασε
818 3789 866 3867 μέν
889 3791 961 3850 οὐδὲν
986 3790 1118 3870 ἀκούσιον,
1163 3802 1188 3851 in
1206 3802 1322 3854 θὶιίιιοίοο
1340 3802 1487 3866 detorquens
1503 3815 1607 3867 pueram
1625 3802 1689 3853 ter-iit
1699 3838 1707 3865 ,
1721 3801 1763 3852 sed
1781 3803 1847 3852 recte
1861 3802 1944 3851 omnia

294 3876 424 3938 torturae·
440 3879 467 3938 δὲ
478 3879 644 3947 διακωλυθεὶς
656 3884 700 3938 τοῦ
709 3884 806 3938 σκοποῦ
817 3886 914 3958 τυχεῖν.
932 3879 962 3956 (ιι)
974 3877 1009 3938 Ὁ
1021 3879 1048 3936 δὲ
1058 3883 1119 3947 παῖς
1164 3890 1200 3940 uti
1217 3893 1376 3954 proposuerat
1390 3891 1436 3942 sibi
1452 3903 1586 3956 φοιοποοε,
1603 3893 1687 3940 contra
1704 3890 1855 3941 νοίοοθοθεια
1873 3903 1943 3941 suun

344 3963 496 4047 βουλόμενος
509 3969 677 4050 προδραμεῖν,
694 3972 741 4026 τοῦ
766 3965 859 4046 χρόνου
882 3964 1033 4045 διαμαρτὼν
1053 3959 1119 4048 ένῷ
1163 3979 1221 4028 tecit
1239 3979 1312 4042 nibil,
1329 3992 1415 4031 uuum
1435 3992 1519 4042 passus
1541 3981 1593 4043 est,
1615 3991 1692 4042 σοοιο
1708 3989 1809 4041 aoopum
1828 3978 1945 4042 attingere

342 4053 485 4136 διατρέχων
500 4057 546 4116 οὐκ
562 4054 594 4115 ἀν
608 4053 720 4132 ὶπλὴγη,
734 4051 886 4133 περιέπεσεν
901 4043 937 4118 οἷς
952 4055 999 4111 οὐκ
1017 4051 1118 4128 ἤθελεν,
1151 4061 1337 4128 prohiberetur.
1355 4068 1391 4132 (t)
1404 4069 1466 4117 Puer
1474 4069 1556 4117 autem
1565 4105 1572 4130 ,
1581 4069 1669 4129 praeter
1681 4067 1771 4117 meum
1779 4069 1945 4118 transcurrere

343 4144 471 4212 ἇκθνσίωι
488 4143 516 4204 δί
536 4141 661 4224 &peperit
681 4144 717 4207 εἰς
735 4139 826 4198 ἑαυτὸν
849 4138 955 4205 οἰκείαις
977 4151 1119 4221 συμφοραῖς
1162 4155 1362 4218 uolens,errabat
1373 4157 1398 4205 in
1410 4155 1551 4206 estimando
1564 4157 1745 4218 tempore‚quo
1754 4155 1859 4207 licuisset
1871 4154 1945 4206 alieni

341 4231 483 4314 κίχρηται,
494 4237 541 4302 τῆς
557 4229 580 4288 δ’
595 4227 726 4308 ἁμαρτίας
736 4229 945 4306 τετιμωρημένος
960 4228 1050 4287 έαυτδν
1065 4229 1120 4310 ἔχει
1164 4242 1231 4292 sairo
1239 4245 1404 4295 transcurrere
1409 4262 1417 4307 ;
1429 4245 1512 4295 incidit
1522 4245 1604 4306 itaque
1611 4243 1636 4292 in
1651 4243 1743 4292 maiam
1755 4244 1944 4294 tnuoiuntarium

342 4320 390 4394 τλν
398 4322 481 4394 δίκην,
487 4321 516 4379 ού
526 4315 707 4393 συνηδομίνων
715 4314 765 4392 μέν
775 4314 833 4375 οὐδὲ
841 4315 1026 4376 συνεθελόντοιν
1035 4322 1119 4394 ἡμῶν,
1164 4332 1189 4381 et
1203 4331 1295 4382 invitm
1305 4331 1330 4382 in
1341 4336 1417 4384 semet
1432 4333 1509 4396 ipsum
1521 4343 1622 4395 peccans
1632 4329 1723 4381 cladem
1737 4331 1861 4382 bnmsibi
1869 4343 1945 4382 arces·

343 4408 540 4487 σνναλγούντων
554 4404 580 4462 δί
594 4405 640 4462 καί
654 4405 880 4481 συλλυπουμένων.
922 4405 1016 4478 Τὴςδέ
1032 4407 1118 4488 ἁμαρ·
1162 4419 1465 4484 sirit,errorisquesemet
1481 4421 1608 4484 ipseuitus
1625 4419 1692 4469 dedit
1703 4431 1787 4482 poeuas
1804 4420 1945 4470 snolieroua

314 4497 399 4564 ιτίας
417 4497 453 4562 εἰς
468 4499 558 4553 τοῦτον
571 4491 683 4566 ἡκούσης
698 4491 727 4551 εδ
743 4493 816 4574 ἔργον
829 4496 878 4574 οὐχ
891 4493 1027 4576 ἡμέτερον,
1051 4496 1119 4555 ἀλλά
1163 4508 1269 4571 tactum,
1286 4509 1326 4559 cui
1338 4512 1445 4572 proiecto
1459 4523 1509 4559 non
1530 4509 1668 4571 metamur,
1681 4507 1723 4557 sed
1741 4508 1821 4571 potius
1842 4507 1944 4572 ingemi-

342 4589 388 4642 τοῦ
401 4579 588 4662 ἐξαμαρτόντος
605 4579 675 4655 ίστί,
691 4579 720 4640 τό
736 4605 763 4640 τε
778 4581 857 4648 πόθος
877 4584 913 4650 εἰς
926 4581 970 4642 τδν
987 4581 1119 4663 δροίσαντα
1163 4595 1261 4647 murus.
1295 4598 1403 4660 atculpa
1413 4596 1500 4646 erroris
1518 4597 1560 4660 qui
1577 4594 1678 4646 exitium
1694 4594 1788 4656 anniti,
1799 4607 1848 4645 non
1863 4599 1944 4647 nostra

343 4671 416 4730 ἰλθδν
435 4675 507 4748 ἡμᾶς
525 4669 573 4748 μέν
588 4668 698 4728 ἀπολύει
714 4673 761 4740 τῆς
780 4670 879 4744 αἰτίας,
892 4669 935 4730 τδν
948 4671 975 4730 δέ
987 4672 1119 4753 δράσαντα
1163 4686 1209 4748 est,
1225 4684 1267 4734 sed
1277 4685 1329 4747 ejus
1343 4685 1386 4747 qui
1401 4683 1522 4734 commisit
1533 4697 1603 4746 euru;
1617 4684 1759 4745 malumque
1777 4683 1802 4732 iu
1820 4685 1945 4735 auctorem

343 4757 447 4826 δικαίως
458 4758 515 4835 ἀμα
529 4762 562 4838 τῇ
577 4756 694 4924 ἀμοφραίφ
706 4755 889 4838 τιτιμύιρηται,
918 4762 949 4838 (ο)
961 4759 1079 4820 Ἀπολύει
1092 4763 1118 4822 δέ
1164 4773 1273 4822 relabens
1289 4785 1334 4822 nos
1346 4787 1361 4822 a
1372 4773 1472 4822 rumine
1486 4771 1604 4833 absolvit,
1620 4773 1646 4821 iu
1665 4773 1717 4835 ipso
1735 4772 1824 4821 erroris
1841 4773 1944 4822 articulo

343 4845 412 4907 καλό
426 4845 505 4922 νόμος
522 4849 609 4922 ἡμᾶς,
661 4847 799 4924 πιστεύων,
814 4845 924 4928 εἰργοντι
940 4849 1005 4927 μὴτε
1024 4851 1119 4919 ἀδίκως
1163 4861 1194 4910 ab
1206 4863 1305 4912 auctore
1322 4863 1404 4910 autern
1415 4873 1499 4924 ρωποι
1508 4861 1597 4924 exegit.
1633 4863 1667 4926 (o)
1682 4861 1730 4913 Sed
1745 4861 1784 4910 icx
1794 4873 1945 4924 quoquenos

343 4927 409 5006 μὴτε
419 4924 523 4992 δικαίους
534 4922 701 4996 ἀποκτείνειν,
711 4926 746 4992 όις
755 4925 832 5008 φονέα
840 4951 872 5006 με
883 4927 977 4990 διώκει.
991 4928 1059 4990 Ὑπὸ
1071 4931 1117 5007 μὲν
1163 4947 1281 5006 absolvit,
1298 4960 1346 5009 qus
1361 4959 1392 4996 ιισ
1405 4947 1460 5008 quis
1468 4958 1547 5008 neque
1555 4946 1619 5008 justo
1627 4959 1708 5009 neque
1720 4945 1808 5007 injuste
1820 4945 1944 4996 occidatur

343 5013 393 5093 γὰρ
406 5018 453 5085 τῆς
467 5015 544 5072 αὐτοῦ
557 5018 603 5072 τοῦ
624 5015 759 5082 τεθνεῶτος
778 5015 908 5096 ἁμαρτίας
920 5015 963 5076 ὅδε
977 5015 1118 5076 ἀπολύεται
1162 5037 1260 5086 velante
1272 5035 1330 5085 fisus
1339 5035 1379 5084 hic
1388 5033 1461 5085 qaedis
1469 5048 1511 5084 me
1522 5049 1591 5084 reum
1601 5035 1656 5097 agit,
1671 5038 1744 5085 Error
1753 5035 1817 5085 enim
1826 5033 1945 5098 perempti,

345 5101 411 5180 μηδά
428 5099 555 5169 ἀκουσίως
564 5102 714 5160 duoxra't'vnr
729 5103 818 5161 odedu·
828 5104 877 5162 ὑπὸ
887 5103 914 5163 δὲ
925 5111 971 5164 τοῦ
982 5104 1118 5174 διώκοντος
1161 5123 1239 5172 filium
1256 5135 1339 5173 meum
1350 5123 1388 5174 vel
1400 5123 1567 5172 involuntariae
1583 5123 1656 5172 credis
1671 5121 1772 5172 crimine
1787 5122 1871 5172 eximit
1879 5139 1887 5184 γ
1900 5135 1944 5172 φο.

305 5217 330 5261 ισ
344 5191 396 5252 οὐδ’
416 5187 616 5268 ἐπικαλούμενος
631 5193 664 5258 ὡς
681 5188 746 5250 tabu
762 5189 919 5266 ἀπέκτεινεν,
935 5197 1030 5276 ἀμφοῖν
1051 5197 1115 5253 ἀπο·
1160 5209 1360 5260 lmtariaeautem
1367 5209 1439 5260 cedis
1448 5223 1525 5274 quum
1536 5224 1568 5260 ne
1577 5213 1703 5260 accusetur
1715 5209 1827 5274 quidem,
1837 5209 1869 5260 ab
1879 5212 1945 5259 utro·

342 5279 432 5342 δῦιιαῑ
447 5287 500 5340 τοῖν
516 5277 698 5358 ίγθδημᾶτθιν,
717 5279 779 5357 μήτ’
797 5280 867 5341 ίίιιων
890 5280 950 5359 μήθ’
963 5279 1029 5341 έκάιν
1050 5283 1115 5340 ἄπο·
1160 5310 1210 5362 que
1219 5297 1320 5348 crimine
1333 5299 1478 5350 absolvitur.
1513 5299 1562 5362 (to)
1575 5299 1652 5361 culpa
1669 5298 1751 5362 itaque
1763 5299 1833 5348 uacat
1847 5299 1872 5348 et
1883 5311 1897 5348 e
1908 5297 1944 5348 rei

342 5378 450 5435 mitit·
481 5368 525 5451 (¹⁰)
538 5366 759 5450 ἌῦθδυίμΜῖδί
774 5369 825 5430 W
835 5391 862 5428 τί
876 5374 923 5443 ‘dt
932 5369 1054 5443 θληθῑίας
1063 5373 1115 5438 τῶν
1161 5385 1377 5452 mutuasset
1387 5399 1402 5438 e
1414 5387 1599 5452 tegeremus,
1609 5388 1679 5450 cujus
1689 5385 1791 5438 obtento
1803 5387 1941 5439 οωιιεοίιιτ.
