4230 6146
614 565 733 626 LYSIAE
754 567 817 626 Oli.
840 567 890 626 DE
911 567 1078 629 uvabunt
1102 569 1348 630 PROBATIONE.
1710 585 1766 637 209

172 699 296 772 ἠξίωσαν,
310 695 378 755 ἀλλά
388 694 433 754 καί
444 699 490 766 τῆς
501 691 600 762 πόλεως
608 694 747 770 ἐξήλασαν,
759 699 832 775 ὑμεῖς
844 700 866 757 δ’
878 701 947 758 έλευ·
990 711 1179 772 communicare,
1193 711 1257 761 sede
1273 711 1369 761 civitate
1385 712 1506 773 ejecerunt
1519 731 1525 760 ι
1536 724 1578 760 ros
1590 713 1685 774 contra,
1698 713 1767 763 resti-

172 786 248 863 θέραν
272 783 352 854 αύτήν
365 780 519 853 ποιήσαντες
535 783 564 839 οὗ
585 782 663 858 μόνον
678 787 723 854 τῆς
742 784 886 864 ἐλευθερίας
900 787 946 843 αὖ·
990 789 1043 838 tuta
1055 789 1181 850 libertate,
1203 803 1259 838 cum
1284 790 1334 840 istis
1348 803 1395 839 non
1411 790 1489 840 solum
1508 791 1640 840 libertatem
1657 805 1766 840 commu·

132 889 159 930 ,ς
173 877 244 946 τοῖς,
268 869 336 930 ἀλλὰ
358 871 403 929 καὶ
429 874 474 926 τοῦ
499 869 610 936 δικάζει,
631 869 676 928 καὶ
698 876 742 930 τοῦ
769 873 947 943 gamag„
990 864 1099 927 nicastis,
1116 879 1200 916 rerum
1216 868 1288 916 etiam
1299 869 1440 929 potestatem
1454 867 1579 929 judicandi
1599 870 1623 917 el
1642 869 1768 918 conciones

174 961 233 1040 περὶ
246 963 299 1018 τῶν
313 961 404 1017 ,Μῶν
419 955 555 1034 periton,
569 953 637 1015 ὥστε
649 955 947 1035 ,γκμωςγμῶωηψ
992 942 1094 992 habendi
1111 943 1141 993 de
1157 943 1286 1006 republica.
1320 945 1405 1007 itaque
1419 957 1471 994 eam
1490 945 1667 1007 simplicitatem
1683 946 1768 994 merito

173 1041 628 1123 τηνεὐήθειανκαταγιγνώσχουσιν.
671 1034 771 1121 (effla
784 1035 948 1111 εγςογτοςῶ,
991 1021 1106 1071 robisisti
1117 1023 1159 1084 ipsi
1169 1023 1371 1086 exprobrant:(t)
1381 1036 1485 1086 quorum
1496 1023 1607 1072 Evander
1617 1035 1763 1085 unusquam

173 1135 220 1192 οη,
232 1135 322 1210 dmg
341 1131 364 1188 ,γ
383 1153 420 1197 „4
438 1129 514 1188 αὐτὸ,
526 1132 557 1188 33
568 1131 665 1190 τούτων
682 1130 809 1211 μετέχειν,
824 1129 892 1190 ἀλλὰ
904 1129 949 1188 κα,
991 1098 1035 1160 sit,
1050 1112 1098 1148 uon
1111 1099 1201 1189 sibisat
1213 1100 1297 1161 babet,
1308 1101 1328 1150 si
1340 1101 1376 1150 his
1390 1100 1461 1149 liceat
1472 1099 1570 1161 impune
1581 1099 1643 1161 [τοῖς
1658 1100 1769 1186 atlprius·

174 1218 233 1300 πργν
248 1192 351 1277 guph„
370 1221 458 1277 δοῦναι
480 1190 554 1289 &mc
575 1218 654 1276 ww
675 1198 764 1299 ἄρκειγ
779 1217 854 1286 ἀξιοῖ.
992 1179 1245 1240 quampraetentorum
1255 1179 1371 1228 scelerum
1380 1177 1619 1239 detpoenas,rursus
1628 1178 1769 1239 magistratu

382 1303 390 1326 ι
658 1311 674 1326 ..
817 1311 833 1324 .,
894 1215 950 1326 Καί
993 1253 1178 1314 sungillostulat.
1211 1254 1705 1306 Etnuneaudioistumaccusationimem
1714 1267 1770 1316 pau·

175 1305 229 1364 νυνὶ
241 1304 317 1363 αύτθν
328 1307 464 1381 ἀκουομεν,
476 1302 540 1383 ὑπὲρ
549 1295 585 1363 ῶν
598 1307 674 1364 αὐτου
687 1327 894 1385 κατηγορουμεν,
907 1305 949 1360 δια
993 1329 1087 1378 „isspma
1100 1343 1285 1394 responsurum,
1298 1345 1336 1382 m
1349 1331 1544 1396 constringendo,
1557 1333 1683 1394 totamque
1696 1343 1769 1379 amu.

177 1391 297 1473 βραχέων
321 1390 548 1470 ἀπολογήσεσθαι,
576 1391 731 1472 ἐπισύροντα
753 1391 786 1450 τδι
805 1391 950 1471 πράγματα
993 1406 1601 1472 ⁵⁸²³011⁰missdesensionesuaquasisuffurando
1619 1426 1626 1456 3
1647 1407 1769 1457 dicturum

134 1503 163 1542 κθ
177 1478 222 1538 καί
236 1477 425 1538 διακλέπτοντα
438 1503 471 1558 τη
489 1477 617 1560 ἀπολογίη
629 1479 676 1550 τὴν
688 1476 855 1558 κατηγορίαν,
869 1477 950 1546 λέξειν
993 1485 1085 1536 scilicet
1096 1487 1197 1548 majoros
1212 1501 1268 1538 suos
1280 1489 1355 1538 multa
1368 1489 1392 1538 in
1405 1489 1529 1540 civitatem
1543 1489 1701 1553 impendisse,
1716 1502 1771 1537 mu-

176 1563 204 1625 δδ
219 1569 253 1632 ὥς
267 1564 355 1624 πολλὰ·
370 1567 405 1632 είς
417 1562 467 1636 τήν
485 1565 560 1622 πολιν
581 1565 731 1638 ἀνηλώκασι
751 1565 796 1623 καλ
810 1564 951 1646 ριλοτίμως
993 1567 1090 1617 neribus
1104 1566 1205 1629 publicis
1222 1569 1345 1632 magnifice
1358 1584 1410 1620 esse
1427 1573 1578 1634 perfunctos,
1595 1573 1730 1635 multasque
1747 1575 1771 1622 et

175 1649 402 1730 λιλῖιτουργήκασι
414 1651 459 1710 καί
473 1649 544 1717 νίκας
553 1651 652 1719 πολλδις
667 1651 712 1710 καὶ
724 1651 806 1718 καλὰς
826 1655 853 1710 ἐν
868 1652 950 1729 δημο-
994 1649 1120 1709 praeclaras
1129 1649 1241 1700 victorias
1249 1651 1274 1699 iu
1283 1651 1427 1703 democratia
1440 1657 1585 1715 reportasse;
1595 1667 1621 1704 se
1630 1655 1711 1703 autem
1721 1669 1770 1704 mo·

176 1737 272 1817 χθατία
284 1737 448 1809 stillim,
462 1737 507 1796 καί
517 1737 557 1796 δτι
570 1739 646 1806 αὐτὸς
661 1738 767 1815 κόσμιός
779 1737 890 1797 ἐστικαὶ
902 1741 951 1817 οὐχ
994 1723 1076 1774 dmm
1085 1726 1179 1790 iiiiii»
1193 1740 1272 1790 nique
1283 1743 1311 1778 ⁰⁸
1327 1730 1401 1779 videri
1415 1745 1485 1792 agere
1498 1745 1552 1794 quae
1567 1732 1607 1781 alii
1623 1732 1713 1795 solent,
1730 1733 1772 1782 sod

175 1796 268 1902 θρᾶταί
288 1827 367 1882 ποιῶν
390 1824 406 1882 ἀ
429 1824 511 1904 ἕτεροι
535 1827 644 1884 ἐνταῦθα
667 1826 808 1902 τολμῶσιν,
830 1822 899 1882 ἀλλά
919 1823 951 1882 τδι
994 1808 1387 1874 fflisdusstsslllfflhusoecssptri·
1422 1815 1455 1874 (l)
1468 1814 1560 1871 Quibus
1573 1813 1643 1863 dictis
1661 1827 1709 1863 non
1726 1815 1772 1862 dit·

105 616 108 624 ι
175 573 318 649 μετ-τοι]

177 1913 270 1970 ,αυτοῦ
284 1910 406 1988 πράττειν
418 1913 493 1980 ἀξιοῖ·
536 1911 650 1991 γγγεΕγὼ
664 1913 690 1970 δὲ
703 1912 765 1992 ⁷³pr
777 1910 881 1978 τούτους
893 1911 951 1977 eois<
995 1891 1057 1941 ticile
1075 1907 1125 1942 ease
1140 1894 1243 1944 arbitror
1256 1897 1405 1958 respondere.
1438 1899 1508 1958 Quod
1525 1899 1554 1947 ad
1567 1912 1666 1948 monera
1680 1900 1774 1962 publica

177 1997 268 2076 λόγους
282 2001 310 2056 ού
323 1997 439 2078 χαλεπὸν
460 1990 534 2076 οἶμαι
553 2000 694 2073 ἀντειπεῖν,
705 1999 768 2079 πρὸς
781 1997 828 2075 μέν
842 1997 888 2066 τθς
898 2000 952 2056 λει-

177 2083 306 2164 τουργίας,
320 2085 359 2144 ὅτι
374 2085 497 2166 κρείττων
512 2078 543 2159 ήν
558 2089 573 2145 ὁ
586 2086 675 2166 πατήρ
690 2089 768 2145 αὐτοῦ
787 2085 825 2162 μή
837 2087 953 2166 λειτουρ-

137 2193 165 2231 aa
176 2170 287 2251 γήσαςή
300 2177 415 2232 τοσαῦτα
428 2176 480 2231 τῶν
494 2177 586 2233 ἑαυτοῦ
596 2173 742 2240 ἀναλώσας
754 2172 796 2231 διδ
808 2172 857 2252 γδιρ
869 2177 951 2231 ταῦτα

178 2258 321 2326 πιστευθείς
335 2261 386 2318 tei
398 2265 442 2318 τοῦ
458 2259 540 2336 δήμου
555 2257 681 2320 κατέλυσε
695 2259 743 2332 τήν
755 2259 949 2339 δημοκρατίαν,

179 2343 241 2404 ὥστ’
256 2335 321 2403 εῖναι
339 2351 422 2404 ταῦτα
435 2345 468 2403 τὰ
482 2345 545 2426 ἔργα
558 2345 763 2426 ἀειμνηστότερα
776 2345 793 2416 ἢ
812 2345 846 2404 τδι
858 2349 887 2406 ἐκ
900 2350 950 2404 τῶν

179 2435 343 2513 λειτουργιῶν
358 2433 430 2513 αύτῷ
443 2431 607 2510 ἀναθήματα·
621 2431 652 2512 (ο)
669 2432 732 2513 πρὸς
745 2433 772 2490 δὲ
784 2431 831 2503 τήν
845 2434 952 2513 ἡσυχιό-

180 2542 247 2591 τητα
258 2517 305 2590 τήν
319 2521 419 2592 τούτου,
432 2519 471 2578 ὅτι
482 2521 514 2578 ού
531 2525 574 2577 νῦν
592 2521 629 2578 δεῖ
642 2519 719 2578 αὐτὸν
733 2519 857 2588 ἐξετάζειν
868 2522 889 2578 εί
902 2520 953 2578 σώ-

181 2628 251 2686 ρρων
266 2605 346 2683 ἐστίν,
359 2605 396 2664 ὅτ’
413 2606 490 2665 αὐτὸν
512 2609 558 2664 οθκ
578 2607 675 2675 ἔξεστιν
697 2605 875 2684 ἀσελγαίνειν,
896 2607 953 2664 ἀλλ’

180 2696 275 2752 ίκεῖνον
289 2692 333 2752 τθν
348 2692 440 2774 χρόνον
459 2702 574 2768 σκοπεῖν,
592 2697 618 2752 έν
633 2685 655 2773 ᾧ
675 2691 729 2760 ίξθν
742 2695 870 2775 ὁποτέρως
884 2692 955 2751 idad

181 2780 241 2839 λετο
253 2783 299 2851 ζῆν
319 2778 402 2839 εἵλετο
424 2780 581 2859 παρανόμως
601 2781 790 2851 πολιτευθῆναι.
831 2783 884 2842 Tot
908 2781 954 2858 μίν

139 2884 166 2923 ³0
180 2861 230 2944 γάρ
247 2870 291 2922 νῦν
318 2863 399 2941 μηδὲν
423 2865 609 2946 ἐξαμαρτάνειν
635 2867 659 2924 οῖ
683 2864 845 2934 κωλύσαντες
865 2866 953 2943 αἴτιοι,

181 2953 232 3008 τῶν
247 2949 274 3008 δέ
287 2951 345 3008 τότε
356 2951 531 3029 γεγενημένων
544 2951 657 3011 θτούτου
671 2951 764 3034 τρόπος
776 2953 820 3012 καί
835 2956 859 3012 ol
871 2950 955 3034 τούτῳ

181 3035 328 3116 ἐπιτρέπειν
348 3037 486 3106 ἀξιοῦντες.
529 3037 616 3099 Ὥστε
631 3039 663 3098 ἀν
686 3042 716 3099 ἐκ
733 3039 830 3100 τούτων
851 3040 956 3116 δοκιμά-

182 3127 269 3193 ζεσθαι
290 3123 364 3197 ἀξιοῖ,
385 3129 467 3184 ταῦτα
492 3124 545 3205 χρή
571 3127 777 3205 θπολαμόάνειν,
798 3127 835 3204 μή
858 3127 956 3199 εὐήθεις

183 3211 254 3290 αύτῷ
267 3200 333 3269 εἶναι
344 3211 446 3282 δοκῆτε.

221 3317 243 3356 ι.
267 3295 313 3357 Ἂν
333 3296 361 3356 δὲ
385 3297 429 3357 καλ
452 3299 495 3358 ἐπί
518 3300 615 3360 τοιόνδε
638 3300 712 3380 λόγον
729 3302 899 3383 τράπωνται,
922 3303 957 3370 ὡς

181 3383 294 3464 όχράνος
303 3387 349 3444 οὐκ
356 3387 467 3468 inops?
476 3386 555 3446 ἀλλον
564 3390 749 3470 ἀποκληρῶσαι
758 3433 767 3466 ,
777 3389 836 3448 ἀλλ’
843 3390 954 3469 ἀνάγκη,

182 3469 226 3529 ida
240 3470 316 3529 αὐτὸν
329 3472 557 3552 ἀποδοκιμάσητε,
573 3476 653 3534 ἄθυτα
673 3476 707 3534 τὰ
723 3476 821 3556 πάτρια
839 3475 897 3556 ίερδι
910 3475 957 3556 γί-

997 1976 1096 2039 ιιίῑῖιιεί,
1110 1989 1200 2039 repono
1213 1978 1290 2028 multo
1302 1981 1452 2042 praestantius
1468 1982 1539 2030 luisse
1553 1982 1626 2044 ipsius
1640 1985 1733 2044 patrem
1746 1997 1774 2031 ea

996 2071 1153 2108 muneranon
1162 2061 1261 2125 exsequi
1270 2075 1343 2124 quam
1352 2076 1382 2111 ex
1394 2063 1443 2112 sois
1453 2063 1606 2113 facultatibus
1616 2065 1695 2114 tantm
1703 2077 1775 2126 pecu·

997 2141 1050 2190 nias
1065 2141 1194 2193 insumere.
1230 2143 1269 2192 ob
1284 2143 1335 2192 lraeo
1353 2143 1417 2192 enim
1430 2143 1503 2194 ladem
1522 2146 1604 2207 populi
1621 2147 1773 2207 consecutus,

998 2224 1137 2286 popularem
1149 2227 1240 2275 statum
1253 2227 1338 2276 evertit
1353 2240 1360 2276 ε
1375 2225 1435 2276 adeo
1448 2230 1477 2277 ut
1492 2239 1576 2276 eorum
1592 2228 1710 2277 malorum
1721 2242 1776 2292 quae

998 2306 1055 2356 inde
1066 2306 1149 2357 intulit
1160 2308 1229 2370 longe
1245 2307 1336 2358 tirmior
1347 2309 1378 2359 sit
1390 2309 1505 2359 memoria
1519 2322 1593 2372 quam
1606 2313 1776 2361 monumento·

1000 2403 1054 2440 rum
1067 2404 1123 2453 quae
1137 2391 1208 2441 obitis
1222 2391 1362 2442 muneribus
1376 2395 1454 2444 victor
1468 2395 1624 2446 consecrarit.
1658 2396 1693 2458 (ο)
1706 2397 1778 2454 Quod

1000 2487 1058 2524 vero
1069 2477 1161 2537 spectat
1171 2475 1201 2524 ad
1215 2475 1282 2526 istius
1293 2477 1496 2541 moderationem,
1509 2479 1640 2542 respondeo
1651 2492 1699 2529 non
1712 2493 1778 2530 noue

999 2559 1156 2622 inspiciendos
1169 2573 1219 2611 esse
1235 2563 1303 2611 istius
1314 2575 1408 2625 mores,
1418 2566 1501 2613 utrum
1514 2564 1616 2614 modesti
1625 2564 1673 2614 sint
1687 2576 1776 2625 necne,

999 2652 1076 2703 quum
1087 2642 1227 2694 insolescere
1240 2657 1288 2692 non
1300 2644 1453 2706 conceditur;
1465 2644 1508 2694 scd
1523 2643 1583 2694 illud
1593 2645 1673 2706 potius
1683 2647 1778 2706 tempus

999 2725 1209 2789 considerandum,
1229 2727 1254 2776 in
1270 2742 1333 2791 quo,
1352 2729 1443 2777 utrovis
1462 2726 1533 2776 modo
1550 2726 1647 2776 vivendi
1664 2727 1777 2778 libertale

1000 2809 1130 2871 permisso,
1140 2809 1215 2858 vitam
1226 2810 1361 2873 improbam
1375 2813 1473 2861 secutus
1482 2812 1526 2860 est.
1559 2810 1630 2869 Quod
1638 2811 1701 2859 enim
1712 2823 1777 2859 nunc

1000 2891 1059 2941 uibil
1072 2892 1209 2956 delinquat,
1221 2893 1246 2942 id
1264 2894 1298 2943 eis
1314 2894 1470 2944 tribuendum
1482 2895 1524 2957 qui
1533 2895 1629 2944 obstant
1644 2913 1650 2943 ε
1663 2907 1719 2956 quae
1732 2907 1777 2944 au-

1000 2975 1049 3023 tem
1065 2976 1123 3024 tuuc
1141 2976 1255 3037 temporis
1272 2976 1431 3037 perpetrarit,
1450 2989 1479 3025 ea
1497 2977 1554 3025 suut
1571 2975 1712 3038 imputanda
1729 2981 1779 3025 suls

1000 3057 1122 3119 moribus,
1134 3059 1207 3120 atque
1218 3057 1304 3120 eisqui
1317 3057 1409 3124 eae-fieri
1419 3058 1589 3120 permisemut.
1622 3061 1702 3116 Quare
1713 3058 1733 3107 si
1747 3071 1777 3107 ex

1001 3138 1037 3189 his
1046 3152 1101 3201 ηοω
1110 3152 1176 3188 nunc
1184 3139 1232 3202 agit
1241 3139 1366 3202 approbari
1375 3139 1492 3202 postulet,
1502 3153 1531 3189 ee
1541 3153 1596 3203 quae
1604 3138 1657 3189 dico
1666 3139 1778 3202 subjicia-

1001 3222 1049 3283 tis,
1061 3235 1092 3271 ue
1100 3221 1138 3271 isti
1148 3234 1190 3271 ros
1200 3221 1318 3283 simplices
1327 3233 1378 3270 esse
1387 3221 1521 3272 rideamini.

1033 3314 1057 3357 6.
1074 3306 1401 3366 Quodslineamorationem
1408 3305 1614 3367 diverterint,n0s
1622 3307 1779 3358 scilicettem·

1003 3407 1062 3456 pora
1070 3393 1165 3444 excludi
1174 3393 1301 3457 quominus
1309 3393 1436 3457 orrisquam
1445 3393 1546 3456 eligatur
1556 3394 1630 3455 alius,
1641 3408 1725 3446 rerum
1734 3409 1778 3445 ne-

1003 3493 1067 3532 cesse
1077 3494 1128 3531 esse
1141 3482 1183 3542 ut,
1200 3481 1220 3530 si
1235 3481 1279 3531 iste
1289 3481 1437 3543 reprobetur,
1446 3480 1635 3531 intermittantur
1645 3495 1778 3532 sacracon·

142 3577 168 3618 aa
181 3562 301 3635 γνεσθσι,
310 3556 368 3616 τάδ’
378 3557 554 3638 ένθυμήθητε,
566 3557 604 3618 ότι
616 3561 699 3621 πάλαι
713 3563 827 3642 θχρόνος
837 3562 889 3635 ήδη
902 3585 954 3620 πα·
1001 3569 1084 3630 sueta3
1102 3567 1127 3617 id
1136 3567 1162 3616 in
1171 3568 1251 3617 animo
1264 3567 1379 3630 reputetis
1393 3567 1443 3628 J'am
1456 3566 1549 3616 dudum
1565 3567 1590 3617 id
1611 3570 1706 3630 tempus
1718 3581 1777 3630 prae·

182 3642 329 3721 Ρῑδθθυθῑν·
349 3643 383 3704 Ἡ
392 3643 443 3725 γὰρ
456 3645 542 3727 αὔριον
552 3648 641 3730 ἡμέρα
652 3648 720 3727 μόνη
731 3648 808 3721 λοιπή
819 3655 863 3708 τοῦ
877 3651 957 3707 ἐνιαυ·
1002 3655 1103 3704 teriisse.
1114 3655 1236 3704 crastinus
1243 3654 1306 3704 enim
1313 3653 1363 3704 dies
1369 3655 1425 3704 enni
1431 3655 1596 3716 estsopremus
1601 3671 1609 3715 ;
1617 3657 1733 3706 eoadem
1739 3655 1779 3705 dia

181 3735 226 3789 τοῦ
239 3732 317 3803 ἐστιν,
330 3733 356 3789 ἐν
368 3729 395 3790 lt
404 3731 486 3812 ταύτῃ
496 3738 533 3814 τῷ
543 3735 586 3794 Διὶ
595 3740 632 3816 τῷ
641 3742 737 3817 σωτῆρι
747 3736 821 3797 θυσία
832 3736 956 3816 γίγνεται,
1006 3743 1060 3791 lori
1071 3742 1192 3792 servatori
1203 3753 1271 3791 sacra
1280 3740 1357 3802 θοοῖς
1367 3740 1485 3802 judicium
1497 3754 1555 3790 rero
1566 3741 1649 3791 baberi
1664 3756 1707 3803 per
1715 3742 1779 3804 leges

182 3817 347 3898 δικαστήριον
362 3817 389 3876 δὲ
408 3820 481 3900 παρὰ
493 3820 553 3888 τοὺς
563 3823 657 3899 νόμους
676 3825 705 3882 οὐ
724 3823 830 3882 δυνατθν
847 3825 956 3904 πληρω-
1003 3828 1150 3879 nullomodo
1162 3829 1226 3878 licet.
1250 3829 1283 3892 (7)
1296 3827 1386 3887 Quodsi
1397 3828 1441 3878 iste
1450 3828 1534 3890 sategit
1546 3830 1574 3878 ut
1585 3828 1638 3878 bac
1646 3830 1726 3878 omnia
1736 3829 1778 3880 lie-

183 3907 266 3974 θῆναι
289 3907 321 3984 (7)
346 3908 379 3966 Et
393 3905 420 3964 dt
431 3912 514 3967 ταῦτα
525 3907 600 3968 πάνθ’
611 3901 683 3977 ούτος
692 3908 758 3969 ὥστε
770 3911 887 3990 γενέσθαι
899 3913 955 3970 δια·
1003 3918 1064 3977 rent,
1073 3915 1131 3979 quid
1140 3915 1404 3980 ipsumjamprobatum
1413 3915 1531 3964 iactumm
1539 3916 1779 3978 essearbitremiui‚si

183 3990 350 4072 πέπρακται,
368 3992 394 4051 τί
413 3995 591 4074 προσδοκῆσαι
616 3997 655 4054 δεῖ
680 3997 858 4075 δοκιμασθέντ’
880 3996 957 4056 αὐτὸν
1003 4004 1110 4054 nondum
1121 4003 1234 4066 pmbetus
1245 4002 1342 4053 exeunti
1353 4003 1502 4065 magistratui
1517 4003 1659 4064 persuaserit
1672 4002 1697 4050 in
1710 4014 1778 4052 suam

185 4077 312 4153 ποιήσειν,
329 4082 352 4138 εί
369 4079 417 4152 τήν
430 4081 546 4151 ἐξιοῦσαν
559 4082 643 4164 ἀρχήν
655 4083 869 4148 reseruandos
882 4085 957 4144 ἕνεκα
1002 4093 1103 4154 gratiam
1113 4091 1176 4153 leges
1185 4090 1291 4140 uiolare?
1299 4103 1330 4139 an
1339 4089 1559 4152 paucahnjusmodi
1568 4089 1593 4137 in
1602 4101 1646 4137 suo
1655 4101 1718 4136 anno
1727 4101 1779 4149 per·

184 4171 386 4247 παρανομῆσαι;
406 4159 448 4249 ἀρ’
468 4168 498 4227 ἀν
520 4169 596 4248 ὀλίγα
615 4177 724 4230 τοιαῦτα
744 4173 770 4230 ἐν
794 4176 830 4253 τῷ
850 4174 958 4252 ἐνιαυτῷ
1004 4177 1240 4242 petraturumtmilri
1256 4178 1363 4239 proiecto
1378 4189 1427 4225 uon
1443 4175 1546 4225 ridetur.
1581 4175 1615 4237 (8)
1635 4177 1778 4236 Quanquam

185 4251 390 4331 δῑαπράξαῦθαη
410 4253 461 4334 ἐγὼ
484 4255 530 4334 μὲν
550 4249 791 4336 γάροῦκάνοίμαι.
835 4256 958 4337 (ελἜστι
1003 4280 1053 4317 non
1065 4265 1090 4314 id
1102 4266 1179 4316 solum
1190 4265 1259 4314 robis
1270 4261 1470 4313 considerandum
1483 4263 1535 4324 est,
1551 4259 1593 4310 sed
1611 4262 1693 4308 utrum
1705 4260 1779 4322 magb

145 4359 172 4399 ιο
185 4341 206 4398 θ’
225 4341 285 4416 ὑμῖν
301 4341 330 4398 οὐ
352 4345 427 4400 τοῦτο
445 4341 522 4418 μόνον
542 4343 678 4422 σκεπτέον,
700 4344 768 4403 ἀλλὰ
786 4344 832 4403 καί
850 4343 957 4426 πότερον
1003 4352 1109 4416 religioni
1124 4353 1212 4402 restrae
1221 4349 1348 4402 conveniat
1363 4361 1442 4410 regem
1451 4359 1647 4399 sacrommnuuc
1658 4349 1778 4408 gerentem

184 4425 363 4508 εύοεύέστερον
372 4427 416 4488 τθν
427 4429 537 4508 βασιλέα
546 4431 591 4489 καί
600 4431 659 4500 τοθς
666 4431 842 4513 συνάρχοντας
851 4431 884 4492 τδι
893 4431 958 4512 ίιπὲρ
1003 4453 1061 4491 cum
1078 4438 1174 4500 collegis
1189 4451 1233 4501 pro
1249 4438 1331 4488 tuturo
1347 4436 1487 4497 magistratu
1503 4447 1570 4484 sacra
1584 4435 1675 4494 lacae,
1692 4433 1778 4495 utiam

184 4517 229 4570 τοῦ
243 4512 379 4590 μέλλοντος
395 4514 479 4596 ἀρξειν
491 4515 550 4598 ίερθι
562 4523 651 4597 θῦσαι,
666 4523 700 4588 ὡς
711 4521 756 4579 καί
768 4519 847 4600 πρότε
865 4543 891 4579 ον
906 4519 958 4592 ήδη
1004 4529 1074 4578 arama
1089 4527 1179 4576 iactum
1192 4526 1242 4587 est,
1252 4536 1284 4573 an
1300 4523 1388 4584 istum,
1400 4535 1472 4585 quem
1488 4533 1518 4572 ne
1533 4521 1599 4584 puris
1615 4519 1713 4582 quidem
1729 4533 1779 4569 esse

185 4599 337 4679 γεγένηται,
357 4600 375 4672 ἢ
395 4603 440 4661 καλ
457 4609 557 4680 τοῦτον,
577 4605 604 4664 θν
625 4605 682 4665 οὐδὲ
702 4607 814 4688 καθαρὸν
832 4543 898 4666 elzeri
913 4605 959 4673 τάς
1004 4613 1113 4664 manibus
1122 4613 1240 4662 testantur
1253 4608 1488 4672 iiquiidsciunt50t
1497 4609 1579 4657 utrum
1588 4607 1727 4668 juraveritis
1737 4621 1779 4656 ros

184 4691 274 4767 χεῖρας
291 4691 314 4747 οἱ
332 4689 425 4758 ῑῖδότες
445 4693 678 4774 μεμαρτυρήκασι,
696 4695 741 4753 καὶ
761 4695 868 4775 πότερον
887 4699 959 4771 ὑμεῖς
1004 4714 1059 4750 eum
1078 4699 1242 4762 magistratum
1260 4696 1380 4747 electuros
1399 4709 1473 4759 quem
1489 4709 1537 4745 non
1553 4694 1707 4757 probavistis,
1727 4707 1777 4756 an,

185 4771 306 4848 ὠμόσατε
316 4777 351 4842 είς
359 4774 406 4848 τήν
417 4775 501 4858 ἀρχήν
514 4778 687 4856 ἀδοκίμαστον
696 4781 877 4854 καταστήσειν,
889 4779 958 4851 ήδο-
1005 4787 1143 4852 probatione
1158 4787 1236 4848 lacta,
1252 4799 1308 4836 eum
1326 4787 1482 4835 coronatums
1497 4795 1569 4846 quem
1588 4782 1728 4844 magistratu
1739 4782 1778 4832 di-

135 4859 393 4937 Πθκῑμᾶσαντεέτὸν
403 4863 472 4933 ἀξιον
482 4869 527 4936 τῆς
537 4867 807 4949 ἀρχῆςστερανιθσειν.
825 4867 855 4948 (a)
868 4869 959 4928 Ταῦτα
1004 4889 1076 4938 guum
1086 4875 1241 4937 comperistis.
1274 4870 1779 4938 (ti)llaecdcbelisrosconsiderare,atque

186 4946 236 5029 γάρ
254 4953 400 5010 σκοπεῖσθε·
418 4954 522 5012 κάκεῖνο
532 4955 692 5033 ίνθυμεῖσθε,
704 4953 744 5014 ότι
758 4959 771 5014 θ
782 4955 832 5022 θείς
841 4955 883 5014 τὸν
899 4955 959 5036 περί
1004 4962 1144 5013 iilrrdetiam
1156 4964 1266 5026 reputare
1278 4962 1407 5024 inanimo,
1421 4974 1476 5010 eum
1485 4959 1527 5022 qui
1536 4959 1592 5008 tulit
1601 4958 1676 5019 legem
1687 4956 1717 5005 de
1726 4968 1778 5018 pro·

186 5039 237 5094 τῶν
249 5037 408 5114 δοκιμασιῶν
418 5038 496 5117 νόμον
510 5041 559 5119 οὐχ
570 5041 665 5111 ήκιστα
677 5041 736 5122 περί
747 5046 797 5100 τῶν
812 5033 958 5124 ένθλεγαρ-
1004 5051 1152 5115 bationibua,
1173 5064 1222 5100 nou
1241 5051 1338 5100 minime
1354 5061 1438 5099 eorum
1457 5060 1528 5098 causa
1544 5047 1585 5109 qui
1605 5047 1629 5094 in
1651 5043 1778 5104 oligarcbia

186 5121 234 5201 pia
246 5121 376 5202 ἀρξόντων
391 5124 467 5183 ἕνεκα
484 5125 584 5198 ἔθηκεν,
595 5127 737 5206 ἡγούμενος
751 5129 831 5188 δεινὸν
842 5120 922 5208 εἶναι,
936 5134 958 5188 εί
1004 5139 1178 5202 magistratibus
1187 5139 1304 5201 perfuncti
1313 5139 1383 5200 sunt,
1393 5147 1446 5186 eam
1456 5136 1551 5195 tulisse;
1564 5144 1638 5195 quum
1651 5129 1746 5192 putaret
1755 5127 1779 5176 id

188 5208 221 5266 δι’
233 5205 277 5275 οδς
287 5212 304 5279 ἡ
315 5209 477 5291 δημοκρατία
492 5212 645 5288 κατελύετο,
657 5207 726 5274 οὗτοι
741 5217 766 5275 ἐν
786 5218 851 5295 αὐτῇ
863 5221 895 5294 τῆ
907 5239 958 5276 πο-
1003 5239 1054 5276 esse
1062 5226 1172 5289 iniquum
1181 5262 1188 5288 ,
1197 5225 1217 5276 si
1233 5239 1335 5288 quorum
1351 5237 1423 5287 opera
1441 5235 1523 5275 eversa
1534 5221 1566 5268 sit
1576 5211 1735 5274 democratia,
1746 5213 1778 5276 ii,

187 5295 270 5377 λιτείηι
280 5295 360 5355 πάλιν
374 5297 491 5378 ἀρξουσι,
501 5299 544 5358 καί
556 5301 638 5381 κύριοι
647 5303 799 5382 γενήσονται
810 5295 860 5364 τ’ῶν
872 5303 957 5386 νόμιον
1004 5313 1086 5363 eadem
1098 5315 1223 5376 restituta,
1239 5313 1327 5364 iterum
1338 5310 1370 5362 ad
1381 5311 1532 5372 magistratus
1545 5301 1698 5365 accederent,
1710 5311 1779 5354 ceila¹

270 5411 399 5450 nuruum.
1648 5405 1674 5444 γη
