4156 6148
281 483 1644 536 «damnem-affluammmmwumas-eu

742 864 1205 1008 PRAEFATIO.

825 1267 1105 1302 ..ψ-.-

328 1607 515 1671 Oratornm
534 1600 728 1670 Atticorum
743 1599 916 1688 collectio,
936 1625 1031 1696 quae,
1048 1602 1216 1696 sejunctis
1232 1604 1344 1698 copiis
1357 1603 1659 1691 Demosthenicis,

280 1725 402 1822 priseae
423 1736 656 1793 monumenta
674 1721 884 1817 eloquentiae
897 1724 933 1792 in
951 1748 1065 1794 unum
1079 1726 1180 1819 quasi
1205 1747 1335 1821 corpus
1356 1726 1554 1821 composita
1576 1750 1660 1820 prae-

280 1845 395 1932 beret,
413 1841 509 1939 apud
530 1842 649 1912 Gallos
673 1841 859 1938 hucusque
876 1845 982 1915 unica
998 1845 1058 1915 illa
1073 1845 1147 1916 sola
1165 1846 1339 1933 exstabat,
1364 1871 1471 1942 qnam
1488 1847 1659 1916 Henricus

280 1967 480 2064 Stephanus
498 1990 595 2034 anno
611 1966 803 2035 MDLXXV
823 1967 916 2061 typis
931 1965 1156 2037 nitidissimis
1172 1969 1306 2037 curavit
1323 1967 1577 2038 excudendam.
1592 1971 1660 2038 Cu·

189 2101 193 2108 '
277 2091 335 2184 jus
351 2089 417 2158 viri
436 2086 655 2158 celeberrimi
669 2102 750 2183 post
767 2087 833 2156 tria
848 2086 917 2157 lere
934 2088 1050 2158 secula
1063 2112 1245 2158 successor
1259 2088 1660 2186 aemulusquemeuus

281 2217 412 2298 Dmor,
428 2209 608 2305 publicam
622 2209 810 2278 utilitatem
832 2205 1033 2278 commodis
1048 2207 1120 2277 suis
1141 2207 1286 2303 privatis
1306 2223 1546 2303 anteponens,
1565 2234 1661 2279 nunc

282 2356 408 2402 novam
428 2331 562 2402 hancce
585 2345 765 2400 oratorum
790 2329 1005 2416 editionem,
1034 2327 1179 2398 duobus
1204 2328 1446 2399 voluminibus
1473 2328 1660 2400 absolven-

272 2451 373 2541 dam,
387 2453 688 2548 eloquentissimis
703 2452 776 2520 suis
789 2451 928 2521 civibus
946 2449 1059 2520 offert.
1079 2453 1133 2520 hc·
1144 2450 1301 2546 primum
1316 2448 1462 2546 quidem
1475 2450 1657 2539 volumen,

279 2574 377 2672 quod
388 2575 460 2669 jam
476 2577 514 2645 in
537 2574 722 2670 publicum
739 2573 1066 2669 prodit,orationes
1082 2573 1243 2642 continet
1268 2571 1521 2668 Antiphontis,
1540 2571 1659 2642 Ando·
1711 2657 1712 2660 Ἴ
1806 2594 1809 2602 “

281 2694 385 2782 cidis,
400 2695 525 2790 Lysiae,
541 2697 615 2765 lsaei
632 2707 668 2763 et
687 2694 848 2764 Isocratis
866 2720 873 2761 ε
890 2692 1040 2782 alterurn
1055 2719 1155 2781 vero,
1176 2719 1258 2763 mox
1272 2691 1382 2782 illud,
1399 2695 1452 2763 uti
1467 2719 1659 2790 speramus,

280 2816 573 2903 subsecuturum,
601 2831 726 2911 praeter
746 2813 903 2909 reliquos
931 2829 1088 2885 oratores
1107 2813 1259 2884 decuriae
1282 2815 1419 2902 Atticae,
1442 2811 1660 2909 Lycurgum,

279 2940 480 3010 AEschinem
499 2953 534 3009 et
554 2937 794 3026 Dinarchum,
817 2937 1094 3008 declamationes
1120 2933 1378 3030 complectetur
1403 2934 1659 3028 sophistarum,

279 3087 369 3158 quos
384 3076 530 3148 vocant,
556 3062 709 3156 Gorgiae,
735 3059 974 3146 AntistheniS,
1003 3057 1248 3152 Lesbonactis,
1269 3055 1489 3141 Polemonis,
1511 3055 1660 3126 Herodis

281 3181 673 3271 Attici,Alcidamantis.
696 3183 757 3252 His
776 3180 919 3270 deinde,
936 3197 1118 3275 tamquam
1143 3177 1434 3274 supplementum
1455 3202 1661 3274 novumque

280 3305 389 3399 hujus
410 3303 579 3375 editionis
593 3319 855 3390 ornamentum,
878 3300 1048 3373 accedent
1067 3301 1272 3371 orationum
1295 3297 1560 3395 deperditarum
1580 3299 1661 3368 reli·

279 3428 388 3522 quiae,
411 3451 488 3522 quae
511 3451 574 3522 per
599 3440 758 3495 veterum
789 3425 918 3522 scripta
945 3423 1114 3522 dispersae
1144 3420 1369 3491 delitescunt.
1398 3419 1661 3515 Subjungemus

280 3545 449 3642 deinceps
467 3549 544 3615 tum
564 3547 703 3615 minora
721 3560 812 3641 quot
828 3561 1019 3642 supersunt
1040 3545 1077 3613 in
1104 3543 1384 3613 Demosthenem
1404 3557 1438 3612 et
1456 3543 1659 3611 AEschinem

283 3663 533 3762 scholia,tum
560 3692 642 3738 vero
671 3666 811 3762 Ulpiani
831 3669 868 3736 in
893 3667 1072 3737 orationes
1097 3663 1350 3735 Demosthenis
1366 3665 1659 3751 commentarios,

280 3813 434 3883 quorum
456 3813 584 3858 novam
614 3787 812 3858 editionem
834 3804 935 3859 tanto
957 3789 1145 3884 gratiorem
1160 3788 1245 3856 viris
1271 3785 1419 3856 literatis
1442 3784 1515 3855 lore
1544 3811 1661 3881 spera-

281 3932 379 3994 mus,
401 3920 535 4002 quanto
556 3906 667 4000 major
685 3907 722 3976 in
744 3922 839 3977 tanta
867 3907 984 4003 operis
1006 3909 1155 3979 utilitate
1185 3907 1428 4004 exemplorum
1448 3921 1501 3977 est
1525 3908 1658 3977 raritas.

281 4028 414 4125 Spretis
433 4027 588 4123 denique
604 4029 751 4098 minutis
773 4029 848 4098 istis
864 4028 1043 4118 indiculis,
1058 4011 1153 4125 'quos
1168 4029 1348 4127 prioribus
1367 4028 1587 4098 editionibus
1602 4029 1672 4098 ad··

194 4186 195 4197 κ
282 4174 420 4244 spersos
432 4149 562 4237 habes,
581 4175 698 4220 rerum
715 4152 975 4247 nominumque
990 4153 1172 4236 omnium,
1190 4177 1268 4247 quae
1284 4176 1348 4248 per
1360 4150 1432 4221 duo
1450 4164 1570 4220 nostra
1587 4175 1661 4220 ora·

282 4270 422 4338 tionum
451 4270 741 4365 scholiorumque
759 4271 942 4344 volumina
967 4281 1305 4360 commemorantur,
1334 4271 1471 4342 tabulas
1491 4287 1600 4342 novas
1626 4287 1659 4341 et

227 4483 231 4490 A
281 4389 576 4487 locupletissimas
596 4417 868 4488 componemus.

328 4517 403 4583 Jam
425 4529 464 4583 ut
486 4513 531 4583 de
546 4515 682 4583 ratione
702 4515 831 4611 prioris
849 4514 958 4609 hujus
980 4514 1174 4584 voluminis
1202 4514 1400 4582 accuratius
1423 4511 1556 4600 dicam,
1584 4511 1658 4582 lieri

282 4635 431 4704 omnino
454 4659 526 4704 non
539 4638 667 4730 potuit,
684 4636 772 4730 quin
788 4659 981 4729 graecorum
996 4636 1189 4707 verborum
1204 4650 1391 4705 contextus
1403 4635 1670 4730 exprimeretur¹

282 4754 480 4824 secundum
493 4757 737 4826 recensionem
752 4756 1075 4852 diligentissimam,
1093 4779 1201 4850 quam
1219 4770 1300 4850 post
1320 4755 1516 4825 Beklterum
1533 4754 1659 4825 duum·
1708 4753 1717 4776 ⁸

283 4878 345 4947 viri
357 4877 746 4958 doctissimi‚Bi1runus
759 4893 793 4948 et
808 4881 990 4962 SaurrruS,
1005 4877 1206 4971 conjunctis
1220 4879 1314 4949 curis
1325 4879 1566 4947 instituerunt.
1588 4881 1659 4946 lso-

280 4999 365 5067 crati
381 5014 547 5092 praterea
554 5001 701 5094 contigit
710 5015 749 5069 ut
763 5001 868 5070 etiam
887 4993 1037 5094 δευτέραις
1053 5003 1200 5096 φροντίσιν
1215 5001 1252 5069 in
1267 5025 1371 5070 usum
1387 5000 1533 5071 Firmini
1550 4999 1659 5068 Didot

280 5144 298 5188 a
320 5121 455 5189 Baitero
480 5135 788 5215 recognosceretur
812 5120 925 5216 (Vide
949 5118 1191 5216 praefationem
1214 5145 1292 5218 quae
1316 5122 1461 5194 Isocrati
1485 5121 1557 5214 jam
1577 5135 1658 5188 ante

279 5262 415 5307 annum
432 5241 619 5334 separatim
643 5239 679 5308 in
695 5239 880 5336 publicum
898 5241 1027 5310 emisso
1038 5240 1177 5336 praelixa
1190 5243 1273 5335 est).
1289 5241 1426 5328 Quodsi
1439 5266 1523 5311 vero
1538 5239 1582 5309 ab
1591 5238 1657 5308 hac

975 5382 983 5421 l
